2552 4172
384 327 404 368 n
425 326 511 368 rainu
532 325 618 367 urano
641 325 745 368 xxxvu.
965 313 1024 374 115

107 515 233 576 pompae
262 495 449 574 singulorum
477 495 592 556 dierum
621 503 697 558 esset
724 516 740 557 e
770 496 884 558 sucino.
931 499 1024 559 maxi-

106 625 187 668 mum
216 607 334 688 pondus
363 607 388 668 is
414 606 535 688 glaebae
557 607 654 668 attulit
674 627 725 668 xm
746 607 897 670 librarum.
942 611 1022 672 nasci
1041 619 1074 671 46

105 726 133 779 et
162 719 193 781 in
216 719 299 780 India
329 727 442 781 certum
472 727 525 782 cst.
568 719 729 781 Archelaus
758 719 810 799 qui
836 721 970 800 regnavit
991 723 1022 784 in

104 829 286 911 Cappadocia
331 829 413 891 illinc
453 831 543 912 pineo
579 830 690 892 cortice
727 831 899 893 inhaerente
934 834 1023 896 tradit

102 941 204 1003 advehi
232 942 308 1004 rude
337 941 484 1022 polirique
513 942 598 1022 adipe
621 942 682 1004 suis
703 941 839 1005 lactentis
860 943 1020 1006 incoctum.

101 1052 246 1132 liquidum
273 1053 304 1114 id
333 1053 431 1133 primo
459 1052 605 1115 destillare
633 1062 807 1130 argumento
834 1064 905 1116 sunt
931 1073 1055 1134 quac-s

102 1165 168 1225 dam
204 1165 286 1226 intus
322 1163 513 1239 tralucentia,
549 1172 582 1226 ut
617 1163 758 1226 formicae
791 1164 960 1246 culicesque
993 1175 1022 1228 ct

103 1275 241 1351 lacertae,
275 1293 352 1355 quae
384 1275 550 1338 adhaesisse
583 1283 697 1337 musteo
732 1294 792 1336 non
823 1287 868 1339 est
898 1276 1021 1340 dubium

104 1393 131 1446 ct
152 1387 266 1449 inclusa
289 1387 466 1448 durescente
488 1386 590 1448 eodem
614 1386 800 1448 remansisse.

102 1497 162 1576 (12)
184 1517 297 1578 genera
327 1498 390 1559 cius
418 1493 503 1577 plura
533 1506 612 1560 sumt.
656 1517 693 1559 cx
722 1498 746 1560 is
775 1499 898 1560 candida
921 1500 1019 1562 odoris
1038 1511 1069 1561 47

99 1608 353 1687 praestantissimi.
404 1609 456 1671 scd
489 1626 545 1670 nco
575 1609 622 1671 his
655 1628 712 1671 nec
742 1609 850 1672 cerinis
879 1612 1018 1690 pretium.

99 1719 185 1782 fulvis
206 1720 302 1780 maior
323 1720 496 1796 auctoritas,
524 1739 560 1782 ex
580 1721 606 1782 is
628 1720 789 1782 etiamnum
812 1721 936 1801 amplius
959 1730 1018 1783 tra·

99 1830 285 1906 lucentibus,
322 1837 530 1911 praeterquam
566 1833 591 1893 si
623 1833 716 1894 nimio
749 1833 854 1893 ardore
883 1833 1016 1912 flagrent.

99 1943 256 2023 imaginem
291 1942 407 2021 igneam
437 1942 467 2003 in
500 1942 525 2004 is
554 1960 634 2020 esse,
667 1963 729 2004 non
758 1943 875 2024 ignem,
911 1943 1047 2024 placete

99 2072 213 2118 summa
248 2052 311 2115 laus
347 2053 480 2116 Falernis
516 2073 532 2114 a
564 2054 625 2116 vini
661 2055 760 2117 colore
797 2055 898 2132 dictis,
936 2056 1018 2117 molli

100 2165 215 2246 fulgore
242 2164 418 2245 perspicuis.
462 2173 533 2226 sunt
560 2174 590 2227 et
619 2165 648 2226 in
677 2167 785 2246 quibus
807 2167 921 2229 decocti
942 2169 1017 2230 mel-

100 2275 134 2338 lis
161 2275 267 2337 lenitas
294 2275 417 2356 placcat.
460 2293 562 2338 verum
590 2277 647 2338 hoc
677 2297 796 2358 quoque
824 2288 930 2343 notum
951 2282 1015 2343 fieri
1035 2293 1066 2343 48

102 2394 234 2467 oportet,
261 2405 450 2467 quocumque
471 2387 560 2449 modo
583 2407 617 2449 ea
639 2389 774 2470 tinguere
796 2391 898 2468 libeat,
920 2393 1017 2472 tingui

101 2499 262 2562 haedorum
290 2497 361 2560 seho
390 2505 420 2559 et
448 2499 595 2562 anchusae
623 2501 738 2577 radice,
771 2503 881 2583 qnippe
906 2503 1017 2564 iamet

101 2609 254 2690 conchylio
276 2609 461 2672 inficiuntur.
505 2617 636 2672 ceterum
661 2612 763 2672 attritu
785 2613 944 2691 digitorum
966 2633 1014 2676 ac-

103 2729 184 2801 cepta
217 2720 323 2782 caloris
355 2721 452 2782 anima
485 2721 608 2784 trahunt
638 2723 669 2783 in
702 2741 733 2787 se
764 2723 863 2804 paleas
891 2732 920 2786 et
945 2726 1044 2788 solias

168 2970 191 3020 9.
208 2980 318 3034 pompae
335 2981 366 3018 ac
383 2967 415 3020 B.
525 2970 565 3033 46,
585 2971 609 3020 3.
627 2967 717 3034 pineos
735 2968 767 3033 B,
784 2968 811 3021 in
829 2984 860 3021 eo
879 2987 904 3036 a,
922 2987 964 3022 om
983 2970 1013 3024 L.

168 3062 191 3114 4.
208 3059 284 3126 adipe
296 3060 349 3112 suis
360 3060 394 3127 F,
412 3077 455 3112 om
463 3061 515 3112 Be.
585 3064 608 3114 8.
625 3061 715 3114 eodem
727 3064 865 3115 remansise
876 3063 921 3129 13¹,
933 3080 976 3115 om
984 3082 1013 3118 ae.

168 3157 206 3218 47,
227 3157 250 3207 1.
268 3159 327 3207 sunt
344 3170 376 3206 ex
393 3155 434 3207 his
445 3153 489 3220 132,
507 3170 550 3205 om
566 3171 595 3209 aa.
674 3159 698 3208 3.
718 3171 749 3208 cx
766 3157 806 3209 his
820 3157 873 3223 Fa,
890 3157 956 3210 exist
970 3158 1016 3225 3¹,

106 3247 185 3300 existit
194 3247 238 3301 Bl.
292 3248 418 3314 etiamB,
436 3247 582 3300 etiamnunc
593 3267 622 3303 a.
683 3250 840 3317 amplinsB,
858 3251 966 3320 amplior
982 3269 1011 3304 ω.

168 3345 189 3394 5.
206 3341 247 3393 his
264 3341 308 3406 3²,
327 3358 369 3393 om
380 3359 409 3394 n.
507 3346 531 3394 7.
549 3343 808 3412 perspicui—quibus
819 3342 850 3409 L,
868 3346 1011 3412 perspicuis

103 3435 234 3502 (perspicui
246 3440 306 3488 sunt
317 3437 370 3499 Fa)
387 3437 414 3486 in
433 3436 526 3503 quibus
544 3438 633 3490 eth.
703 3441 726 3490 8.
745 3439 845 3504 placeat
861 3453 950 3490 verum
969 3457 1011 3492 om

106 3528 145 3581 3¹.
225 3532 267 3593 48,
285 3533 309 3582 2.
328 3529 560 3594 moda-libeatB‚
578 3529 658 3583 libent
675 3531 751 3582 modo
763 3530 796 3596 F,
814 3530 894 3584 libeat
905 3532 936 3585 L.

108 3627 130 3680 3.
146 3637 201 3691 sepo
215 3622 257 3690 ΒΞ,
275 3637 337 3675 sevo
351 3624 381 3676 L.
418 3639 527 3676 ancusae
545 3624 589 3688 3¹,
608 3639 727 3676 amousae
744 3626 777 3677 F.

821 3707 858 3763 3*
