2552 4172
301 259 478 304 aronroan
501 260 597 304 uscos
618 260 704 304 nrnno
726 260 768 306 nr.
951 245 991 308 85

142 474 210 492 ...
240 427 392 491 Britannia
427 429 520 508 qualis
546 429 585 491 sit
612 429 772 510 qualesque
800 437 1072 511 progenerando

82 560 146 611 moa
175 539 300 604 certiora
333 547 363 602 et
391 539 484 620 magis
511 541 661 621 explorata
690 541 837 604 dicentur.
881 540 993 622 quippe

82 652 186 716 tamdiu
227 651 356 714 clausam
399 651 493 732 aperit
528 669 597 714 ecee
634 651 804 734 principum
839 652 993 726 maximus,

83 783 134 826 nec
165 762 377 826 indomitarum
405 763 494 824 modo
523 770 592 826 ante
619 781 664 841 se,
697 779 800 828 verum
825 763 993 842 ignotarum

82 892 195 955 quoque
223 874 359 954 gentium
385 873 480 939 victor
508 874 697 954 propriarum
724 893 825 938 rerum
852 875 940 936 iidem
961 882 995 938 ut
1012 899 1022 930 ··

81 985 152 1048 bello
174 985 321 1050 affectavit
342 985 381 1048 ita
404 983 554 1066 triumpho
576 984 779 1048 declaraturus
800 993 907 1066 portat.
943 1004 993 1050 ce·
1010 1007 1036 1050 co

80 1105 187 1173 terum,
220 1104 254 1158 ut
281 1096 377 1158 adhuc
399 1093 564 1171 habuimus,
586 1096 666 1158 inter
687 1096 921 1178 septentrionem
944 1116 994 1161 oc·

80 1208 286 1287 ridentemque
307 1207 440 1288 proiecta
461 1207 567 1287 grandi
587 1207 699 1287 ¹angulo
713 1207 810 1270 Rheni
833 1207 907 1272 ostia
922 1223 994 1289 pro-

79 1319 180 1398 spicit,
213 1317 282 1382 dein
316 1317 435 1397 obliqua
468 1325 549 1380 retro
581 1319 672 1380 latera
704 1317 863 1392 abstrahit,
901 1319 993 1382 altaro
1032 1345 1034 1352 ⁴

80 1429 214 1504 Galliam,
251 1429 345 1492 altero
382 1428 568 1492 Germaniam
603 1437 754 1509 spectans,
792 1437 855 1490 tum
891 1448 1023 1495 rursusa

79 1549 223 1622 perpetuo
251 1539 385 1621 margine
413 1538 518 1602 directi
544 1540 639 1602 litoris
663 1539 699 1602 ab
728 1548 846 1621 tergore
868 1539 995 1604 abducta

78 1652 184 1714 iterum
217 1671 250 1714 se
281 1651 313 1714 in
347 1651 477 1714 diversos
505 1652 630 1731 angulos
660 1658 767 1715 uuneat
795 1651 938 1730 triquetra
965 1659 996 1714 et

79 1763 193 1826 Siciliae
208 1762 334 1824 maxime
348 1762 460 1836 similis,
482 1761 579 1843 plana,
602 1761 719 1841 ingens,
741 1762 994 1836 secundanorum

79 1874 112 1938 iis
138 1892 216 1954 quae
241 1892 350 1955 pecora
373 1892 463 1954 quam
482 1873 620 1936 homines
640 1871 800 1954 benignius
821 1871 903 1934 alant
923 1915 932 1933 .
955 1917 963 1933 .
986 1915 994 1934 .

140 2003 232 2066 super
259 1984 442 2048 Britanniam
470 1985 595 2048 laverna
629 1993 687 2058 est,
720 2001 816 2065 paene
848 2001 902 2066 par
926 1999 993 2063 spa·
1012 1999 1037 2043 aa

81 2095 135 2171 tio,
169 2095 223 2160 sed
255 2097 404 2176 utrimque
436 2096 551 2178 aequali
583 2102 679 2158 tractu
707 2095 827 2158 litorum
857 2094 994 2175 oblonga,

82 2207 154 2269 caeli
196 2207 238 2268 ad
275 2208 447 2270 maturanda
483 2207 596 2271 semina
631 2205 741 2287 iniqui,
784 2225 886 2270 verum
922 2206 995 2270 adeo

81 2318 230 2382 luxuriosa
257 2318 372 2394 herbis,
404 2338 466 2382 non
493 2319 577 2382 laetis
604 2319 692 2381 modo
719 2318 770 2381 sed
792 2318 881 2382 etiam
901 2317 995 2380 dulci-

81 2430 152 2507 bus,
186 2437 220 2492 ut
250 2449 283 2494 se
315 2430 419 2508 exigua
452 2438 536 2511 parto
569 2429 628 2492 diei
656 2447 765 2510 pecora
792 2429 927 2510 inpleant
956 2437 1026 2504 et,o

83 2541 140 2606 nisi
172 2539 281 2621 pabrdo
314 2540 543 2621 prohibeantur,
584 2540 695 2603 diutius
727 2546 807 2620 pasta
843 2538 995 2604 dissiliant.

83 2695 435 2715 ............
458 2652 586 2715 cultores
614 2651 678 2714 eius
703 2649 848 2713 inconditi
874 2657 946 2712 sunt
967 2658 998 2711 et

83 2763 215 2825 omnium
249 2761 390 2824 virtutum
422 2762 517 2842 ignari
550 2760 670 2842 *quam
702 2761 774 2824 aliae
806 2768 911 2841 gentes
944 2760 996 2822 ali·

83 2882 229 2954 quatenus
255 2880 353 2936 tamen
382 2871 505 2954 gnari*‚
535 2873 651 2954 pietatis
672 2873 829 2936 admodum
852 2879 998 2952 expertes.

151 3087 192 3137 49.
211 3081 353 3137 britanniae
371 3081 507 3153 descriptio
526 3099 620 3150 margo
636 3084 669 3137 A.
768 3087 809 3138 50.
826 3083 883 3135 laus
901 3080 997 3135 britan·

85 3179 141 3232 niae
158 3194 253 3244 margo
266 3178 299 3232 A.
399 3182 440 3245 53,
459 3182 482 3234 1.
500 3177 646 3231 brittaniam
662 3194 698 3246 pr
711 3178 744 3233 A.
839 3177 864 3230 2.
882 3175 997 3243 aequalis

85 3274 137 3327 Ac.
231 3271 417 3326 h'luxuriosas
433 3272 526 3325 herhas
543 3272 596 3325 Aac.
697 3275 721 3328 b.
739 3273 810 3324 inter
826 3269 954 3323 dissiliant
965 3261 998 3322 'ct

87 3355 195 3422 cultores
213 3353 339 3418 tredecim
352 3366 412 3428 sere
425 3368 576 3420 litterarum
588 3368 705 3434 spatium
713 3367 746 3419 A.
784 3362 947 3418 memoranda
964 3363 996 3416 de

87 3460 218 3517 schotthis.
236 3460 325 3514 eadem
343 3465 383 3514 est
401 3461 468 3514 enim
480 3459 595 3514 hibernia
607 3475 673 3528 quae
685 3463 712 3514 et
723 3457 849 3512 schotthia
859 3473 954 3524 margo
962 3458 995 3512 A.

151 3557 174 3608 8.
193 3558 218 3609 9.
235 3557 275 3607 tta
290 3556 342 3608 Ae.
879 3565 880 3570 ’
