2552 4172
256 202 296 283 88
564 223 584 264 u
603 222 691 266 aurun
712 223 798 272 niuno
820 221 857 266 ιν.

254 389 285 453 in
295 390 487 454 Germaniam
509 390 633 471 abrepti.
670 389 714 453 sic
735 390 826 454 maria
843 391 1021 459 circumfusa
1037 393 1169 474 undiquc
1257 367 1258 424 ἶ

255 500 487 583 dividuoglobo
513 509 627 583 partem
650 501 729 564 orbis
751 503 890 566 auserunt
912 502 999 566 nobis
1021 523 1079 568 nec
1102 505 1169 570 iude

254 614 313 675 huc
334 633 392 676 nec
413 613 483 677 hiuc
503 613 554 676 illo
577 613 677 694 pervio
700 621 805 677 tractu.
1257 595 1258 598 Ἴ

187 724 263 786 246.
287 769 295 786 .
318 771 326 786 .
349 744 365 787 a
387 725 544 796 Germania
565 724 716 789 inmensas
738 726 849 790 insulas
871 746 932 791 nou
954 727 1071 808 pridem
1088 745 1170 790 coru·

252 843 352 917 partas
374 827 525 918 cognitum
547 832 652 897 habeo.

610 1141 631 1193 E
649 1139 744 1205 uultu
761 1139 807 1227 lv.

202 1306 234 1361 79
252 1298 319 1377 (24)
331 1343 338 1358 .
352 1344 359 1358 .
372 1343 380 1359 .
394 1343 402 1362 .
418 1297 487 1360 inde
502 1297 576 1360 ostia
586 1297 687 1360 Histri.
714 1306 797 1360 ortus
812 1296 860 1362 hic
875 1297 906 1360 in
920 1296 1078 1359 Germania
1092 1297 1170 1378 iugis

250 1408 361 1472 montis
388 1409 530 1476 Abnobae
561 1426 596 1473 ex
622 1409 743 1472 adverso
770 1408 889 1473 Raurici
917 1407 1027 1474 Galliae
1056 1408 1169 1490 oppidi,

251 1519 350 1581 multis
377 1519 453 1582 ultra
474 1520 564 1601 Alpes
592 1519 712 1584 milibus
739 1537 773 1580 ac
798 1537 852 1600 per
874 1518 1047 1582 innumeras
1069 1520 1170 1602 lapsus

250 1639 355 1712 gentes
380 1630 494 1696 Danuvi
512 1631 655 1709 nomine,
683 1632 820 1694 inmenso
852 1648 995 1711 aquarum
1020 1638 1112 1693 auctu
1141 1641 1171 1692 et

221 1743 330 1822 eunde
355 1742 483 1824 primum
505 1741 653 1824 Illyricum
681 1743 772 1805 adluit
798 1741 897 1806 Hister
923 1741 1102 1824 adpellatus,
1131 1761 1168 1804 nx

249 1853 397 1930 amnibus,
415 1853 557 1934 receptiS,
584 1853 681 1916 medio
712 1855 805 1917 ferme
832 1873 937 1917 eorum
965 1872 1091 1918 numero
1115 1872 1167 1916 na·

248 1964 378 2045 rigabili,
407 1965 438 2027 in
461 1965 588 2028 Pontum
616 1965 704 2030 vastis
733 1985 785 2028 ser
813 1965 985 2029 fluminibus
1014 1965 1167 2054 evolvitur.

249 2077 379 2166 primum
408 2077 516 2140 ostium
539 2077 665 2154 Peuces,
697 2096 766 2139 mox
788 2077 851 2160 ipsa
873 2077 970 2140 Peuce
992 2077 1104 2153 insula,
1135 2077 1166 2138 in

249 2207 308 2268 qua
334 2188 486 2269 proximus
514 2186 640 2250 alveus*
667 2189 829 2270 appellatus
850 2188 907 2256 ffi
928 2207 958 2269 p.
985 2206 1092 2268 magna
1115 2207 1167 2272 pa-

208 2321 232 2364 co
249 2299 318 2360 lude
346 2298 492 2362 sorbetur.
537 2318 572 2363 cx
598 2299 703 2362 eodem
730 2273 817 2362 alveo
840 2307 871 2360 ot
896 2317 986 2379 super
1009 2299 1166 2381 Histropo-

249 2409 291 2472 lin
315 2409 397 2474 lacus
419 2410 550 2492 gignitur
572 2412 645 2479 L‘x‘m
667 2429 808 2492 passuum
831 2409 989 2486 ambitum,
1011 2410 1165 2492 Halmprin

249 2529 364 2584 vocant.
416 2522 581 2585 secundom
614 2521 720 2585 ostium
749 2523 959 2590 Naracustoma
992 2521 1165 2603 appellatur,

249 2631 368 2695 tertium
391 2633 576 2696 Calonstoma
596 2633 677 2696 iuxta
697 2632 824 2698 insulam
846 2632 1054 2708 Sarmaticam,
1077 2651 1165 2714 quar-

249 2751 312 2805 tum
342 2743 590 2821 Pseudostomon,
624 2744 693 2808 dein
727 2744 823 2810 insula
852 2744 995 2825 Conopon
1027 2742 1165 2816 diabasis‚

208 2869 233 2914 aa
249 2865 352 2937 postea
380 2855 588 2922 Borionstoma
616 2865 645 2920 et
672 2856 878 2920 Psiloustoma.
923 2854 1038 2936 singula
1066 2862 1164 2917 autem

317 3052 359 3115 79,
377 3051 401 3103 2.
420 3049 520 3103 abnoue
537 3049 572 3116 u,
590 3049 706 3104 abnobae
724 3050 749 3103 d.
818 3047 910 3102 saurici
927 3047 976 3102 Ru.
1081 3051 1105 3102 4.
1123 3047 1165 3100 da·

249 3142 310 3196 novi
327 3140 358 3196 R.
456 3146 479 3197 9.
498 3143 621 3196 hennom
638 3145 771 3196 indicauit
786 3143 963 3207 Detlefsanus.
1071 3146 1111 3199 11.
1128 3141 1163 3194 al·

248 3235 375 3304 myrinl)
392 3237 487 3302 (oodorc
499 3236 648 3290 Vaticanus
659 3240 724 3292 3861
743 3253 811 3290 auec.
826 3239 862 3304 rr)
879 3237 913 3304 F,
932 3235 1030 3289 almirin
1048 3235 1105 3290 RE.

251 3333 290 3386 14.
308 3312 509 3399 speudostomon
527 3328 570 3382 Rd
586 3336 612 3382 ct
629 3331 693 3384 libri
709 3347 764 3382 non
780 3330 850 3383 nulli
866 3330 955 3384 Setini
973 3333 1019 3397 13,
1038 3332 1061 3385 1.
1106 3328 1162 3382 dein

248 3422 425 3492 Detlossenua,
443 3429 469 3478 et
487 3425 512 3478 in
530 3425 592 3491 ub,
609 3429 635 3478 et
652 3424 708 3478 Dii.
830 3429 869 3480 15.
887 3425 1074 3493 spireorutorua
1094 3425 1163 3492 libri,

249 3516 544 3584 spilonstomassob'ous
562 3519 732 3582 (stenouoma
745 3521 903 3574 Ammianus
920 3521 961 3584 22,
979 3519 1003 3582 8,
1021 3520 1074 3584 44).
