2552 4172
277 245 335 307 140
588 257 678 302 rvmvs
699 255 883 300 ovrrromnvs

242 426 356 512 σὼρῶν
390 420 494 508 ιςλ’γ’
523 425 575 486 καὶ
603 415 758 510 διέστηκεν
786 416 1014 510 Ἀλεξανδρείας
1041 421 1111 510 πρὸς
1140 416 1191 486 δύ-

272 560 330 611 σεις
357 532 446 620 ὥραις
488 557 509 596 α
536 526 612 596 λ’δ’·
661 531 700 597 τὸ
734 525 768 596 δὲ
795 526 1098 621 Ἐβσυρόδουνσν
1132 537 1191 620 ἔχει

271 645 328 735 την
356 645 501 733 μεγίστην
528 641 641 732 ἡμέραν
671 641 755 730 ὡρῶν
793 666 817 708 ιε
838 641 930 730 λ’γιβ’
964 645 1017 706 καὶ
1039 636 1191 732 διέστηκεν

270 748 497 842 Ἀλεξανδρείας
524 751 595 840 πρὸς
617 746 714 827 δυ’σεις
736 749 798 841 ὥρᾳ
821 761 876 840 μιᾷ
898 755 950 816 καὶ
970 754 1074 840 τρίτῳ.
1118 753 1137 842 ἡ
1160 746 1187 816 δ’

272 859 444 932 Σκανδία
466 871 551 953 νῆσος
580 868 643 950 ἔχει
664 861 721 952 τὴν
743 864 888 952 μεγίστην
909 862 1023 952 ἡμέραν
1047 863 1130 951 ὡρῶν
1164 889 1189 950 ιη

230 997 255 1038 to
272 980 324 1042 καὶ
347 969 502 1062 διέστηκεν
524 965 751 1062 Ἀλεξανδρείας
771 972 842 1063 πρὸς
864 966 961 1049 δυ’σεις
983 971 1047 1062 ὥρα
1069 982 1132 1062 μιᾷ.

630 1291 833 1300 .—--——--—

466 1565 716 1647 ΝΟΊῚΤΙΑΕ
744 1566 995 1645 GENTIVM.

269 1724 392 1787 IVLIVS
408 1721 657 1787 CAPITOLINVS
673 1721 712 1784 ΙΝ
728 1720 924 1784 ΑΝΤΟΝΙΝΟ
942 1721 1183 1786 PHILOSOPHO
1255 1677 1256 1720 t

458 1833 508 1896 DE
531 1832 657 1895 BELLO
681 1831 994 1896 nnnconnnntco

233 1996 251 2052 8
335 1989 440 2070 Adepti
469 1987 626 2068 imperium
648 1985 811 2047 -omnia
840 1985 914 2047 mala
937 1985 1054 2049 Marcus
1084 1995 1115 2049 et
1135 1985 1185 2049 Ve-

269 2119 320 2162 rus
353 2118 406 2162 sua
439 2116 510 2160 eura
542 2106 572 2159 et
604 2097 772 2178 praesentia
802 2105 1016 2178 temperarunt.
1067 2098 1124 2160 suit
1154 2117 1184 2160 eo

269 2219 403 2289 tempore
437 2208 526 2270 etiam
558 2207 728 2269 Parthicum
761 2205 872 2269 beilum
905 2208 984 2288 quod
1014 2208 1186 2289 Vologessus

269 2328 414 2401 paratum¹
437 2318 492 2381 sub
526 2319 578 2380 Pio
614 2318 704 2380 Marci
737 2327 767 2380 et
801 2317 869 2379 Veri
903 2326 1038 2399 tempore
1077 2319 1185 2394 indixit

238 2432 369 2511 sfugato
392 2429 500 2492 Attidio
530 2429 707 2491 Corneliano
737 2428 788 2507 qui
818 2428 933 2510 Syriam
962 2438 1035 2491 tuno
1064 2429 1184 2491 admini-
1254 2489 1255 2498 ,

267 2541 386 2606 strabat.
445 2539 609 2604 inminebat
652 2539 737 2600 etiam
774 2538 979 2602 Britannicum
1015 2538 1126 2602 beilum
1160 2549 1185 2601 et
1254 2515 1255 2520 ἵ

268 2653 363 2715 Chatti
400 2652 431 2714 in
466 2650 652 2713 Germaniam
688 2658 718 2711 et
751 2649 883 2711 Raetiam
920 2651 1106 2730 inruperant.
1158 2660 1184 2712 et

269 2764 408 2826 adversus
455 2761 614 2823 Britannos
663 2760 783 2839 quidem
832 2760 1010 2841 Calpurnius
1054 2761 1182 2842 Agricola

268 2874 374 2937 missus
402 2881 465 2948 est,
495 2879 599 2934 eontra
628 2871 747 2933 Chattos
775 2870 909 2933 Aufidius
931 2870 1110 2934 Victorinus.
1151 2870 1182 2932 ad

337 3164 360 3214 5.
380 3179 398 3220 ις
415 3154 445 3228 ιβ’
455 3176 484 3212 ω.
554 3161 578 3210 6.
597 3176 613 3209 α
629 3151 652 3224 γ’
664 3175 692 3210 x.
729 3151 877 3228 ῥοβίδσννον
888 3157 921 3222 A,
940 3154 1010 3217 conf.
1024 3157 1148 3222 2,11,3o,
1160 3159 1181 3210 8.

339 3257 363 3319 8,
382 3258 406 3307 5.
425 3252 503 3306 atidio
517 3252 619 3304 rodiam
631 3255 658 3301 et
667 3251 872 3316 bambergensis
883 3265 951 3301 roeo.
963 3262 989 3299 nx
998 3250 1041 3315 (B)
1053 3254 1079 3300 et
1090 3250 1182 3300 Palati·

269 3363 320 3399 mu
328 3348 475 3413 raeo.x(P),
484 3361 599 3413 qnorum
609 3359 765 3396 eonsensum
770 3343 930 3411 plerumque
939 3345 968 3393 in
975 3342 1181 3409 pron-imitando

270 3455 325 3492 non
342 3442 502 3493 notavimus.
572 3441 596 3492 6.
615 3437 778 3490 brittanicum
853 3440 876 3489 7.
895 3435 963 3488 catbi
979 3436 1011 3498 B,
1029 3435 1110 3488 catthi
1125 3437 1151 3488 P.

269 3532 361 3584 retiam
413 3533 562 3601 inruperant
579 3532 610 3586 B.
739 3534 762 3585 8.
781 3530 925 3584 brittannos
1046 3532 1071 3583 9.
1089 3529 1182 3582 eattbos
