2524 4172
346 236 384 290 ,ιε
404 235 558 279 ετιιινιοινιε
579 235 665 280 uano
686 235 733 278 νιι.
968 219 1006 282 71

105 399 198 462 αἰτίαν
216 407 271 464 τοῦ
291 397 450 490 πλάνητας
470 401 614 490 γενέσθαι
635 401 687 465 καὶ
706 397 882 494 λῃστρικοὺς
897 392 1009 465 ἀποδέ-

105 503 176 585 ξαιτ’
198 507 232 574 ἀν
251 536 306 592 τις,
330 507 380 575 ὅτι
401 509 576 601 χερρόνησον
599 518 748 587 οἰκοῦντες
770 507 889 604 μεγάλη
908 514 1008 599 πλημ-

104 614 193 710 μυρίδι
211 618 380 700 ἰξελαθεῒεν
402 626 438 686 ἐκ
455 629 517 687 τῶν
538 620 659 688 τόπων·
682 625 734 687 καὶ
754 619 812 712 γάρ
834 627 885 685 νῦν
907 625 1040 708 ἔχουσιν

102 730 156 821 την
179 731 273 823 χώραν
300 733 337 823 ἣν
364 731 444 821 εἶχον
465 731 624 823 πρότερον,
654 735 706 798 καὶ
727 731 862 821 ἔπεμψαν
884 738 930 814 τῷ
952 732 1010 796 Σε-
1028 755 1053 807 p.
1061 737 1110 790 293

102 845 197 927 βαστῷ
219 838 313 935 δῶρον
333 842 389 910 τὸν
412 841 576 934 ἰεροίτατον
597 841 665 935 παρ’
691 841 793 919 αὐτοῖς
814 843 940 932 λέβητα,
963 849 1010 906 αἰ-

100 953 231 1043 τούμενοι
252 957 354 1045 φιλίαν
375 958 428 1020 καὶ
450 953 617 1044 ἀμνηστίαν
639 963 701 1019 τῶν
725 954 928 1044 ὑπηργμένων,
954 979 1009 1018 τυ-
1031 955 1033 963 ⁸

100 1063 196 1152 χύντες
217 1060 251 1131 δὲ
272 1058 315 1131 σίν
336 1061 438 1157 ἠξίουν
461 1065 593 1156 ἀπῆραν·
630 1071 749 1155 γελοῖον
772 1057 806 1128 δὲ
826 1072 873 1148 τῷ
894 1072 1009 1153 φυσικῷ

99 1175 147 1240 καὶ
176 1178 284 1261 αἰωνίῳ
317 1175 413 1242 πάθει
443 1170 487 1252 δίς
520 1174 649 1266 ἑκάστης
676 1175 786 1266 ἡμέρας
815 1177 1009 1265 συμβαίνοντι
1027 1193 1051 1236 ιο

99 1289 361 1378 προσοργισθέντος
390 1287 534 1354 ἀπελθεῖν
564 1290 600 1353 ἐκ
626 1294 684 1354 τοῦ
712 1285 818 1353 τόπου.
870 1293 949 1353 ἔοικε
976 1280 1010 1352 δὲ

99 1397 249 1488 πλάσματι
269 1397 309 1464 τὸ
332 1400 478 1490 συμβῆναί
499 1423 576 1465 ποτε
598 1396 842 1488 ὑπερβάλλουσαν
867 1405 1010 1489 πλημμυ-

99 1501 174 1595 ρίδα·
195 1509 346 1587 ἐπιτάσεις
366 1512 420 1600 μὲν
435 1509 494 1600 γάρ
508 1511 560 1575 καὶ
575 1508 686 1585 ἀνέσεις
701 1502 833 1597 δέχεται,
856 1511 1010 1601 τεταγμέ-

100 1642 146 1695 νας
165 1613 199 1686 δὲ
219 1625 272 1686 καὶ
293 1605 524 1711 περιοδιζούσας,
548 1619 564 1686 ὁ
587 1618 717 1697 ὠκεανὸς
736 1624 767 1685 ἐν
782 1633 845 1697 τοῖς
860 1621 1010 1698 τοιούτοις

100 1728 230 1796 πάθεσιν.
268 1731 325 1798 οὐκ
345 1725 379 1798 εὖ
401 1726 432 1796 δ’
458 1726 529 1798 οὐδὲ
551 1729 678 1821 ὁφησας
693 1729 773 1797 ὅπλα
788 1737 927 1821 αἴρεσθαι
939 1731 1011 1822 πρὸς
1029 1763 1054 1805 15

100 1839 152 1917 τάς
170 1837 379 1934 πλημμυρίδας
400 1841 472 1920 τοὺς
493 1843 651 1933 Κίμβρους,
675 1837 736 1908 οὐδ’
763 1841 812 1909 ὅτι
833 1839 960 1931 ἀφοβίαν
984 1850 1011 1908 οί

100 1947 208 2019 Κελτοὶ
236 1953 400 2031 ἀσκοῦντες
427 1947 677 2032 κατακλύζεσθαι
704 1953 761 2031 τάς
783 1956 876 2030 οἰκίας
899 1953 1010 2041 ὑπομέ-

21 2099 23 2144 J
101 2086 203 2146 νουσιν,
224 2063 284 2130 εἶτ’
303 2059 541 2155 ἀνοικοδομοῦσι,
561 2067 613 2130 καὶ
628 2063 678 2131 ὅτι
691 2066 802 2130 πλείων
817 2063 921 2141 αὐτοῖς
935 2090 1011 2153 συμ-

102 2174 190 2253 βαίνει
220 2175 331 2266 φθύρος
358 2173 392 2255 ἐξ
418 2170 530 2252 ὕδατος
555 2172 576 2266 ἦ
603 2177 753 2265 πολέμου,
787 2174 857 2267 ὅπερ
882 2173 1011 2267 Ἔφορός

101 2304 189 2372 φησιν.
227 2287 251 2376 ἡ
274 2287 332 2378 γάρ
353 2282 438 2365 τάξις
458 2287 478 2377 ἡ
500 2295 563 2352 τῶν
584 2281 798 2377 πλημμυρίδων
821 2287 930 2354 καὶτὸ
953 2287 1010 2379 την
1028 2307 1053 2350 εο

21 2407 22 2410 ’
101 2391 326 2487 ίπικλυζορένην
349 2397 447 2488 χώραν
469 2397 545 2464 εἶναι
565 2397 712 2488 γνώριμον
735 2397 790 2464 ούκ
811 2405 918 2488 ἔμελλε
944 2424 1009 2466 τοι·

100 2504 190 2584 αύτας
210 2507 267 2584 τάς
288 2507 417 2584 ἀτοπίας
437 2504 581 2598 παρέξειν.
619 2503 662 2586 δὶς
683 2508 741 2600 γάρ
757 2507 886 2599 ἑκάστης
899 2506 1009 2601 ἡμέρας

21 2649 22 2676 ;
101 2616 207 2684 τούτου
230 2621 445 2708 συμβαίνοντος
466 2618 503 2685 τὸ
527 2614 600 2711 μηδ’
627 2615 709 2698 ἅπαξ
730 2619 931 2685 αἰσθάνεσθαι
952 2645 1008 2710 φυ-

101 2728 178 2820 οικην
202 2722 293 2796 ούσαν
314 2730 371 2821 την
392 2732 566 2822 παλίρροιαν
588 2733 640 2796 καὶ
662 2730 797 2822 ἀβλαβῆ,
820 2733 872 2796 καὶ
894 2730 929 2797 οὐ
951 2731 1007 2820 μό-

102 2861 154 2915 νοις
180 2839 302 2918 τούτοις
329 2843 549 2932 συμβαίνουσαν
579 2840 661 2907 ἀλλά
687 2855 750 2919 τοῖς
771 2843 1008 2933 παρωκεανίταις
1025 2866 1051 2908 οε

101 2956 176 3034 πᾶσι,
198 2960 262 3029 πῶς
283 2951 340 3018 οὐκ
360 2951 525 3034 ἀπίθανον;
555 2947 625 3019 οὐδὲ
645 2953 833 3045 Κλείταρχος
854 2947 901 3020 εὖ·
939 2955 1009 3042 φησί

101 3059 153 3150 γάρ
178 3061 250 3140 τοὺς
277 3065 383 3142 ἱππέας
411 3058 529 3141 ἰδόντας
556 3063 613 3155 την
641 3059 748 3153 ἔφοδον
774 3072 831 3131 τοῦ
859 3058 1009 3155 πελάγους

163 3265 193 3340 2,
211 3274 235 3334 1,
248 3273 272 3323 5.
290 3268 426 3334 ἐξελαθέιεν
439 3271 470 3325 C?
481 3275 508 3323 et
519 3271 583 3324 libri
593 3287 648 3324 non
660 3271 737 3335 nulli,
755 3270 907 3334 ἐξελασθέίεν
919 3274 1008 3324 ceteri.

166 3350 393 3426 11περιοριζούσας
404 3357 477 3424 libri,
489 3373 552 3410 ουνν·
564 3355 748 3410 ΤπεοίιιιοΙιίαι.
819 3361 859 3412 21.
873 3352 962 3418 ταύτας
974 3357 1007 3410 Ιί-

105 3435 149 3501 ἰνί,
165 3434 275 3503 τοιαύτας
293 3443 398 3510 Comes,
414 3443 570 3497 Μείοείιίυι.
657 3446 698 3498 27.
715 3438 772 3503 τοὺς
786 3442 870 3505 ἰνιπέας
885 3445 1008 3498 Αἰκουα-

106 3520 151 3590 dri,
167 3524 237 3588 cons.
255 3527 345 3580 0υαίἰί
361 3530 421 3582 hist.
440 3531 465 3596 9,
483 3532 508 3597 9,
527 3531 559 3582 25
578 3528 705 3596 (Arriani
722 3529 800 3582 anab.
819 3533 844 3600 6,
863 3533 913 3600 19).
