2560 4186
323 275 500 320 nrouromr
523 273 724 319 3331331333
746 274 766 316 1.
788 273 818 315 11.
988 258 1027 320 79

102 455 157 509 tus
197 445 291 528 Illyris
330 451 465 525 occupat.
518 444 598 506 inter
632 443 730 524 ipsum
762 441 961 504 Hadriaticum
998 451 1028 506 et

103 558 244 620 Tuscum
266 557 348 618 ltalia
370 557 529 637 procurrit.
567 555 711 617 13Τ3333
733 555 837 616 intimo
859 553 950 615 Gallia
973 561 1026 630 est,

101 668 189 730 ultra
218 667 368 749 Hispania.
417 668 490 729 baec
521 667 553 728 in
587 665 770 728 occidentem
802 665 912 746 diuque
938 664 1026 726 etiam
1046 668 1077 721 19

101 780 141 841 ad
177 780 414 860 septentrionem
447 778 567 842 diversis
593 775 742 839 frontibus
767 777 870 858 vergit.
919 775 1026 838 deinde

99 909 214 954 rursus
230 891 322 952 Gallia
340 900 394 965 cst,
416 890 504 969 longe
527 897 557 951 et
578 907 594 950 a
617 889 726 951 nostris
746 887 882 950 litoribus
901 885 960 949 huc
975 905 1025 950 us·

101 1021 167 1082 qua
196 1003 349 1082 permissa.
393 1001 430 1062 ab
459 1020 494 1062 33
521 999 662 1062 Germani
689 1000 725 1062 ad
754 1000 900 1062 Sarmatas
926 998 1023 1079 porri·

100 1121 231 1193 guntur,
253 1113 297 1175 illi
319 1112 354 1174 ad
376 1111 482 1175 Asiam.
1044 1139 1057 1180 5

476 1331 497 1383 Ε
514 1329 608 1384 mutto
626 1331 655 1384 11.

172 1500 181 1516 .
207 1501 215 1516 .
243 1501 251 1515 .
280 1453 435 1536 callipidas
464 1453 597 1536 Hypanis
623 1451 747 1516 includit
773 1499 780 1514 .
810 1497 817 1514 .
846 1496 854 1513 .
904 1454 1022 1516 Asiaces
1039 1459 1095 1516 l.t

100 1565 262 1646 proximus
285 1565 363 1627 intra
384 1565 537 1646 Callipidas
558 1566 734 1644 Asiacasque
763 1563 922 1626 descendit.
966 1565 1022 1626 bos

102 1677 141 1739 ab
158 1676 295 1740 Histricis
310 1677 386 1758 'lyra
408 1685 533 1757 separat.
570 1675 665 1754 surgit
685 1677 716 1738 in
731 1676 850 1738 Neuris:
873 1694 931 1755 qua
952 1676 1020 1751 enit,

102 1789 151 1851 sui
182 1787 315 1850 nominis
343 1787 484 1868 oppidum
516 1787 647 1868 adtingit.
691 1795 721 1848 at
741 1787 790 1848 ille
812 1787 863 1866 qui
886 1786 1054 1866 Scythiaes

100 1899 234 1981 populos
261 1919 278 1960 a
300 1899 491 1979 sequentibus
519 1899 642 1975 dirimit,
676 1899 784 1979 apertis
810 1897 842 1959 in
864 1896 1022 1958 Germania

101 2009 256 2086 fontibus,
288 2010 344 2072 alio
374 2028 461 2090 quam
488 2010 596 2073 desinit
624 2009 745 2072 nominc
767 2008 907 2071 exoritur.
952 2025 1020 2069 nam

101 2140 160 2202 per
188 2121 318 2183 inmania
345 2139 520 2200 magnarum
549 2122 682 2202 gentium
710 2120 761 2183 diu
788 2119 940 2182 Danubius
966 2128 1020 2195 331,

100 2232 214 2295 deinde
247 2232 330 2295 aliter
362 2251 431 2295 eum
464 2232 679 2313 adpellantihns
712 2232 819 2294 accobs
856 2233 888 2294 111
921 2229 1049 2296 Η131333

100 2343 295 2425 acceptisque
324 2343 435 2426 aliquot
462 2343 615 2419 amnibus,
645 2345 752 2426 ingens
779 2345 837 2406 iam
864 2351 895 2406 31
915 2362 1019 2405 comm

101 2454 158 2535 qui
187 2455 218 2516 in
248 2463 384 2518 nostrum
410 2474 492 2518 mare
521 2456 662 2518 decidunt
688 2464 802 2519 tantum
824 2455 889 2518 Nilo
911 2455 1019 2529 minor,

100 2565 228 2628 totidem
251 2567 381 2647 quoibe
404 2567 500 2642 ostiis,
527 2567 579 2629 sed
601 2567 695 2630 tribus
716 2567 870 2641 tenuibus,
897 2564 1019 2645 reliquis

101 2677 319 2756 navigabilibus
340 2679 442 2742 effluit.
962 2654 968 2674 l

169 2833 178 2852 .
202 2834 210 2848 .
233 2834 241 2849 .
264 2789 369 2852 deinde
391 2789 476 2852 Luna
503 2788 646 2870 Ligurum
674 2797 703 2850 31
724 2788 837 2870 Tiguba
866 2797 896 2852 31
917 2788 1020 2852 Genua
1036 2790 1065 2845 4·
1080 2792 1112 2843 72

103 2907 135 2962 31
157 2899 273 2962 Sabatia
297 2909 326 2962 31
346 2900 575 2980 Albingaunum,
598 2909 661 2962 tuna
677 2900 768 2963 Paulo
790 2909 820 2964 et
833 2900 941 2963 Varum
963 2903 1019 2964 tlu-

102 3009 202 3086 mina,
231 3020 356 3092 utraque
383 3011 420 3074 ab
442 3011 565 3093 Alpibus
587 3012 720 3092 delapsa,
748 3012 799 3074 sed
821 3012 930 3075 Varum
951 3015 1019 3095 quia

103 3121 218 3184 ltaliam
238 3121 306 3184 finit
325 3123 476 3203 abqnanto
498 3122 606 3186 notius.
642 3123 730 3204 Alpes
745 3124 825 3205 ipsae
839 3123 876 3186 ab
891 3126 937 3188 bis
951 3126 1019 3189 lito·
1038 3142 1069 3192 13

176 3319 199 3383 ’1,
220 3318 240 3369 1.
260 3318 283 3369 2.
302 3315 452 3385 callippidas
465 3318 491 3370 Α
507 3321 526 3372 i.
544 3335 564 3370 3.
580 3318 665 3370 333133
679 3317 828 3371 Vaticanus
842 3321 1018 3376 4111333333

104 3404 233 3454 ineuntis.
298 3404 320 3454 3.
334 3417 398 3470 pyra
410 3404 456 3456 Ac
467 3404 575 3470 (reliqui
587 3405 651 3456 libri
661 3409 710 3455 aut
720 3419 809 3455 omnes
821 3410 870 3456 act
877 3408 1018 3476 plerique).

176 3488 199 3551 8,
212 3485 965 3556 ’1.111133-33313331333333333131333-3331311331,8.
976 3493 1016 3544 51.

175 3574 216 3639 tt,
235 3574 258 3626 1.
276 3571 367 3640 tigulia
381 3574 434 3628 Aac.
504 3577 529 3627 2.
547 3574 725 3628 albincaunum
743 3575 796 3628 Aa.
