2560 4186
256 207 297 270 58
532 226 551 288 ρ
573 224 727 272 στοιοοιιιε
747 224 833 268 uano
855 225 892 272 ιν.

212 410 237 452 ιε
255 382 289 454 δὲ
298 385 448 454 Μενάπιοι
461 389 664 479 πλησίοντῶν
679 390 812 473 ἐκβολῶν
827 387 877 477 ἐφ’
896 386 1027 480 ἑκάτερα
1037 397 1103 454 τοῦ
1120 414 1183 454 πο-

254 507 355 588 ταμοῦ
377 507 590 576 κατοικοῦντες
609 501 664 589 ἕλη
679 503 731 565 καὶ
746 493 872 591 δρυμοὺς
888 499 947 588 οὑχ
959 500 1075 591 ὑψηλῆς
1092 498 1183 564 ἀλλὰ

253 619 365 700 πυκνῆς
380 607 451 701 ὑλης
466 613 518 676 καὶ
533 603 738 686 ἀκανθώδους.
777 608 861 675 κατά
881 609 1009 688 τούτους
1025 605 1056 675 δ’
1074 604 1183 701 ἵδρυν-

253 747 308 786 ται
329 719 521 812 Σούγαμβροι
541 720 696 810 Γερμανοί.
733 719 830 811 πάσης
852 715 883 785 δ’
908 721 1102 812 ὑπέρκεινται
1124 729 1184 812 τῆς

253 833 404 921 ποταμίας
426 830 541 921 ταύτης
563 838 591 897 οἱ
612 829 726 921 Σόηβοι
745 831 1033 922 προσαγορευόμενοι
1054 833 1182 922 Γερμα-

211 970 236 1012 υο
254 946 299 1008 νοὶ
327 945 379 1006 καὶ
405 936 530 1032 δυνάμει
555 945 607 1007 καὶ
628 940 742 1032 πλήθει
763 935 951 1033 διαφέροντες
973 952 1035 1009 τῶν
1059 942 1181 1025 ἄλλων,

255 1052 301 1142 ὑφ’
327 1043 368 1118 ὧν
391 1060 418 1118 οἱ
438 1048 665 1144 ἐξελαυνόμενοι
686 1053 874 1143 κατέφευγον
889 1061 929 1132 εἰς
943 1052 999 1145 την
1015 1053 1103 1130 ἐντὸς
1118 1062 1182 1119 τοῦ

252 1161 365 1254 Ῥήνου
387 1164 463 1228 νυνί·
487 1167 538 1229 καὶ
560 1161 649 1229 ἄλλοι
671 1157 705 1229 δὲ
725 1162 794 1228 κατ’
820 1161 931 1242 ἄλλους
950 1163 1062 1241 τόπους
1081 1159 1180 1233 δυνα-

255 1272 395 1341 στεύουσι
416 1276 468 1340 καὶ
487 1268 681 1362 διαδέχονται
695 1273 738 1339 τά
752 1269 874 1366 ζώπυρα
888 1284 945 1342 τοῦ
960 1277 1096 1365 πολέμου
1112 1284 1179 1341 τῶν

255 1382 383 1475 πρώτων
405 1384 453 1451 ἀεὶ
474 1387 720 1475 καταλυομένων.

223 1511 238 1560 5
319 1497 389 1562 Τῶν
417 1489 451 1562 δὲ
472 1495 623 1586 Τρηυέρων
649 1499 703 1561 καὶ
724 1496 856 1586 Νερυίων
878 1497 999 1576 Σένονες
1024 1500 1078 1564 καὶ
1097 1498 1176 1588 Ῥῆ-

255 1633 307 1697 μοι
333 1605 404 1698 πρὸς
432 1607 556 1697 ἑσπέραν
586 1615 731 1688 οἰκοῦσιν,
766 1612 813 1672 ἐτι
840 1600 871 1671 δ’
900 1606 1094 1700 Ἀτρεβάτιοι
1123 1613 1176 1676 καὶ

254 1717 452 1809 Ἐβούρωνες·
481 1730 546 1794 τοῖς
566 1718 730 1794 Μεναπίοις
751 1711 794 1783 δ’·
814 1721 870 1784 εἰσὶ
896 1732 1026 1809 συνεχεῖς
1054 1723 1104 1786 ἐπὶ
1133 1729 1174 1812 τῆ
1264 1735 1265 1762 ¹

255 1828 402 1926 ὑαλάττρ
429 1829 553 1919 Μορῒνοι
582 1833 634 1895 καὶ
658 1826 828 1895 Βελλοάκοι
855 1833 908 1894 καὶ
934 1829 1093 1920 Ἀμβιανοὶ
1122 1834 1175 1896 καὶ

227 1942 454 2017 σΣουεσσέωνες
475 1943 527 2005 καὶ
549 1937 686 2006 Κάλετοι
707 1940 793 2030 μέχρι
813 1949 868 2032 τῆς
889 1944 1014 2034 ἐκβολῆς
1036 1949 1094 2008 τοῦ
1111 1943 1173 2032 Ση-

256 2051 352 2118 κοάνα
373 2059 524 2140 ποταμοῦ.
568 2049 693 2141 ἐμφερὴς
716 2044 747 2116 δ’
772 2054 838 2116 ἐστὶ
865 2059 905 2147 τῇ
926 2061 989 2117 τῶν
1009 2053 1172 2120 Μεναπίων

254 2161 275 2253 ἥ
290 2188 326 2228 τε
340 2170 402 2228 τῶν
413 2163 549 2252 Μορένων
565 2164 617 2226 καὶ
630 2161 649 2250 ἡ
664 2169 726 2226 τῶν
738 2160 944 2252 Ἀτρεβατίων
959 2163 1171 2255 καὶἘβουρύ-

256 2297 329 2338 νων·
367 2270 424 2363 ὑλη
445 2271 503 2363 γάρ
525 2276 607 2338 ἐστιν
630 2271 690 2359 οὑχ
708 2271 830 2362 ὑψηλῶν
852 2266 979 2362 δένδρων
1001 2274 1099 2367 πολλὴ
1118 2278 1169 2365 μὲν

257 2382 292 2450 οὑ
314 2381 451 2474 τοσαύτη
473 2377 507 2448 δὲ
521 2381 593 2472 ὅσην
608 2389 636 2448 οἱ
650 2395 828 2472 συγγραφεῖς
843 2382 990 2475 εἰρήκασι,
1011 2409 1168 2476 τετρακισ-
1263 2455 1264 2460 ,

214 2517 239 2558 ιο
255 2495 359 2583 χιλίων
381 2488 522 2576 σταδίων,
545 2499 672 2559 καλοῦσι
693 2487 724 2557 δ’
745 2492 842 2585 αὐτην
855 2489 1065 2584 Ἀρδουένναν.
1088 2495 1167 2562 κατά
1263 2477 1264 2520 δ

256 2600 290 2671 δὲ
311 2606 366 2684 τάς
388 2603 552 2695 πολεμικάς
574 2597 698 2693 ἐφόδους
720 2606 940 2694 συμπλέκοντες
960 2605 1017 2683 τὰς
1033 2615 1096 2672 τῶν
1109 2605 1166 2674 θά-

255 2743 336 2807 μνων
363 2716 475 2806 λόγους
503 2708 649 2802 βατύδεις
677 2711 765 2792 οὑσας
787 2715 979 2807 ἀπέφραττον
1000 2716 1057 2794 τάς
1077 2717 1164 2808 παρό-

256 2821 333 2906 δους.
363 2822 474 2894 ἔστιδ’
493 2825 569 2894 ὅπου
584 2829 636 2892 καὶ
651 2825 801 2905 σκόλοπας
815 2829 1019 2918 κατέπηττον,
1034 2827 1122 2896 αὑτοὶ
1134 2824 1164 2896 δὲ

325 3055 366 3106 25.
378 3051 483 3119 πλησίον
493 3051 518 3104 Ε
529 3053 651 3118 (epitome
662 3050 796 3104 Vaticana
806 3053 865 3118 482,
876 3067 944 3105 ισσο.
952 3055 1015 3119 nv),
1027 3067 1070 3104 σπι
1082 3056 1161 3106 celeri.
1262 3065 1263 3082 ¹

325 3148 367 3218 29.
385 3141 483 3220 σιόηβοιΙ
494 3146 537 3200 At,
640 3148 682 3198 31.
701 3144 724 3196 οἱ
740 3139 826 3215 Οὑβισι
843 3145 989 3198 Cluverius.

315 3243 350 3307 Ἰ5,
370 3245 393 3295 1.
410 3239 511 3312 νεβρέων
526 3239 615 3305 ABCI,
633 3255 695 3292 σοιν·
706 3238 852 3307 Xylander.
913 3242 937 3296 2.
954 3237 1081 3311 σἰτρεβατσι
1097 3241 1160 3295 libri.

324 3336 349 3390 3.
366 3328 508 3405 ἐιβσύρωνες
523 3333 610 3386 ABCI.
706 3336 729 3386 7.
747 3328 871 3403 όμορινῶν
887 3333 964 3387 ABG.
1004 3330 1160 3405 ἀτρεβαιαέων

256 3427 284 3496 0,
302 3423 465 3498 άτρεβατοέων
482 3427 515 3482 A.
590 3428 630 3481 12.
649 3423 725 3493 ἔντας,
742 3443 805 3479 σοιν·
824 3427 1004 3482 Oasaubom'es.
1055 3425 1159 3500 άνέφρσι·

255 3539 298 3574 τον
316 3522 387 3589 libri,
405 3538 467 3574 σοιν·
486 3520 675 3574 ὒνοιλιινάνάι.
785 3547 786 3552 =
