2552 4172
253 256 294 318 98
494 272 513 312 n
533 269 620 312 runnu
640 268 733 311 nunnus
753 268 791 311 ιν.
820 267 929 310 m—xr.

187 451 236 506 222
253 439 466 520 magnitudine.
510 447 555 501 est
582 446 680 501 autem
708 437 801 518 ipsius
823 437 938 512 ltaliae,
968 446 1002 500 ut
1030 438 1193 512 diximus,

253 553 361 638 pilii
390 551 426 612 ad
456 550 560 631 Alpes,
588 549 668 612 unde
695 568 749 630 por
777 548 957 629 Lugdunum
983 549 1019 610 ad
1046 557 1194 630 portum

252 663 438 726 Morinorum
452 660 667 736 Britannicum,
689 678 747 740 qua
762 659 877 721 videtur
896 676 1067 722 mensuram
1085 678 1193 740 agere

252 772 401 854 Polybius,
424 771 475 855 Ιῑίῑι
495 771 612 838 [it‘td‘ltl.
650 770 701 832 sed
725 770 835 832 certior
848 789 989 832 mensura
1004 771 1192 852 aelongior

223 885 288 946 ead
311 901 449 944 occasum
470 882 540 945 solis
562 881 662 944 aestivi
690 881 857 961 ostiumque
877 882 975 943 Rheni
997 900 1053 963 per
1076 891 1190 944 eastra

252 994 405 1074 legionum
442 991 616 1055 Germaniae
650 991 686 1053 ab
726 991 829 1053 iisdem
861 991 985 1072 Alpibus
1023 993 1187 1074 dirigitur,

200 1103 415 1191 ‘'mx-m.

580 1319 601 1372 E
618 1319 719 1374 LIBRlS
739 1318 846 1376 Vl-lll.

147 1431 150 1438 ⁴
187 1399 237 1524 nii
254 1439 321 1526 (39)
343 1489 351 1506 ·
375 1489 384 1508 .
407 1489 415 1506 .
437 1443 581 1506 hactenus
607 1441 797 1522 antiquorum
825 1451 929 1506 exacta
949 1443 1180 1510 celebravimus.

253 1555 442 1636 sequentium
478 1552 693 1632 diligentissimi
728 1552 809 1633 quod
844 1562 981 1634 superest
1021 1562 1179 1620 terrarum

252 1686 343 1749 supra
374 1666 470 1728 tribus
503 1664 694 1743 adsignavere
726 1664 901 1743 segmentis,
942 1684 960 1726 a
991 1665 1086 1728 Tanai
1116 1687 1178 1748 per

253 1778 389 1841 lleeotim
416 1779 514 1838 lacum
543 1783 572 1836 et
593 1774 742 1836 Sarmatas
769 1792 863 1854 usquo
892 1773 1100 1857 Borysthenen
1127 1789 1172 1841 at-

224 1905 312 1970 sque
345 1888 387 1951 ita
417 1907 472 1969 per
503 1887 598 1948 name
630 1892 804 1966 partemque
835 1886 1020 1963 Germaniae,
1056 1889 1170 1966 Gallias,

254 2000 365 2064 Oceani
400 1998 487 2062 litora
523 1995 663 2077 amplexi,
702 1995 782 2076 quod
822 2005 899 2059 esset
929 1998 1071 2061 horarum
1103 2014 1167 2077 xvl,

254 2111 379 2172 alterum
415 2128 470 2190 per
501 2105 710 2189 Hyperboreos
745 2112 775 2168 et
810 2106 994 2170 Britanniam
1029 2109 1167 2172 horarum
1273 2145 1274 2160 .

254 2234 336 2297 xvll,
364 2226 548 2302 postremum
571 2218 740 2299 Scythicum
762 2236 777 2278 a
800 2217 918 2298 Ripaeis
939 2218 1016 2299 iugis
1037 2220 1067 2280 in
1090 2221 1165 2302 'lhy-

256 2330 320 2405 len,
347 2329 379 2390 in
407 2349 467 2408 quo
495 2329 557 2391 dies
578 2329 827 2391 continuarentur
849 2336 882 2390 ut
903 2328 1029 2392 diximus
1050 2340 1164 2395 noctes-

214 2456 315 2521 mque
337 2459 392 2521 per
412 2440 500 2502 vices.

195 2513 240 2636 Ἢ
257 2553 322 2628 (20)
346 2595 353 2611 .
377 2595 385 2611 .
409 2595 417 2612 .
440 2558 528 2612 nocte
560 2569 595 2612 ec
628 2549 675 2610 die
707 2549 911 2628 longissimum
944 2551 1000 2612 iles
1029 2551 1162 2615 lsshlcllfis

255 2661 320 2724 Tib.
370 2661 518 2723 Neronem
556 2678 708 2723 emensum
744 2660 933 2723 festinantem
969 2662 1006 2723 ad
1042 2661 1160 2726 Drusum

327 2873 389 2937 122,
415 2875 437 2923 1.
456 2869 565 2923 diximus
588 2873 615 2935 3,
639 2874 673 2925 43
697 2870 783 2924 decies
807 2876 914 2924 centena
938 2875 965 2923 et
986 2871 1076 2938 viginti
1096 2874 1158 2928 milia

256 2971 386 3025 passuum.
486 2959 510 3010 2.
528 2961 563 3008 ii·
577 2961 618 3008 ma·
633 2956 688 3009 Ao.
739 2971 785 3024 per
803 2973 845 3008 om
860 2957 913 3010 An.
1016 2958 1041 3010 3.
1057 2955 1158 3012 Morino

256 3058 312 3096 rum
330 3044 476 3094 deteriores
493 3043 569 3108 libri,
593 3041 741 3108 porinorum
750 3042 784 3108 F,
801 3041 947 3095 borinorum
958 3042 1011 3096 Are.
1062 3043 1157 3098 brittan-

258 3127 342 3180 nlcum
353 3128 386 3180 A.
489 3129 514 3179 4.
533 3127 578 3178 dri·
593 3127 679 3177 tiu-nn
690 3127 724 3193 A,
741 3141 827 3202 txvpu
836 3127 861 3178 F
876 3131 907 3178 in
923 3142 977 3193 ros,
994 3141 1045 3181 xm.
1061 3142 1115 3182 xum
1130 3147 1156 3184 o.

325 3216 350 3265 5.
368 3227 499 3265 occassum
510 3212 542 3262 A.

326 3300 384 3362 219,
403 3299 427 3350 3.
445 3312 521 3364 supra
532 3295 610 3362 11²1r,
632 3313 675 3349 om
687 3313 716 3349 ae.
811 3301 835 3351 5.
852 3313 898 3366 per
916 3297 993 3350 dacos
1006 3298 1042 3361 lt,
1061 3314 1102 3366 per
1116 3299 1156 3354 da·

258 3397 303 3434 cos
320 3381 440 3448 pardales
456 3381 628 3449 (pardulosll)
642 3400 671 3435 ar.
775 3384 799 3438 8.
818 3383 880 3435 tilen
895 3382 926 3449 13,
944 3383 1034 3438 thulen
1045 3385 1076 3436 d?

259 3471 283 3521 9.
301 3466 416 3521 continui
433 3469 546 3522 orientur
557 3468 589 3520 Ε.
640 3467 751 3520 diximus
769 3470 792 3533 4,
812 3470 869 3520 104.
890 3470 913 3534 2,
933 3470 981 3521 186
991 3485 1030 3536 sp.

327 3554 368 3620 84,
387 3556 411 3607 2.
429 3554 475 3611 lib.
489 3555 522 3622 E,
540 3552 587 3607 tibi
598 3553 668 3621 vlu,
686 3553 744 3617 trib;
761 3552 835 3607 E²F²
850 3557 881 3608 io
898 3570 952 3621 ras,
986 3554 1064 3609 tribus
1079 3555 1117 3612 ll².
