2552 4172
435 279 453 322 n
475 278 561 322 numu
583 276 667 322 nrnno
690 275 726 322 ru.
998 263 1036 325 91

125 450 226 512 minat.
269 449 410 510 seruntur
438 455 469 509 et
495 447 616 510 Oeonae
643 447 673 508 in
703 446 769 526 quis
796 446 857 507 ovis
885 445 981 507 arium
1011 455 1041 511 et

125 560 223 622 avenis
250 558 366 620 incolae
394 557 507 634 vivant,
540 557 612 619 aliae
640 556 671 619 iu
700 555 809 638 quibus
842 556 959 636 equinis
987 577 1039 638 pe·

123 667 208 734 dibus
235 668 373 732 homines
395 677 557 732 nascantur
577 667 769 750 Hippopodes
794 668 941 749 appellati.
984 669 1039 730 Pa-

124 783 275 845 notiorunr
298 780 371 843 aliae
392 781 423 842 in
447 779 555 860 quibus
577 780 657 842 nuda
678 778 788 860 alioqui
809 797 936 862 corpora
954 797 1038 860 prae·
1058 796 1083 838 ro

123 893 250 973 grandes
272 892 406 972 ipsorum
427 909 514 954 aures
535 898 597 953 tota
617 899 789 972 contegant.

186 1003 293 1084 incipit
321 1003 427 1065 deiude
456 1002 565 1064 clarior
591 1003 699 1084 aperiri
724 1004 800 1065 lama
822 1003 858 1064 ah
880 1010 968 1084 gente
990 1003 1041 1066 ln·
1058 1003 1092 1054 96

124 1133 290 1196 graeonum
313 1131 388 1194 quae
410 1121 456 1176 est
476 1113 573 1194 prima
593 1113 623 1175 in
640 1113 805 1176 Germania.
844 1133 933 1178 mons
948 1114 1040 1178 Saevo

125 1227 164 1288 ibi
191 1227 348 1289 inmensus
375 1243 431 1288 nec
453 1223 590 1304 Riphaeis
616 1225 693 1305 iugis
712 1226 812 1287 minor
832 1227 982 1290 inmanem
1005 1227 1041 1289 ad

126 1337 313 1400 Cimbrorum
341 1353 436 1416 usquo
462 1337 703 1417 promunturium
732 1338 823 1400 efficit
843 1339 956 1414 sinum,
990 1339 1040 1419 qui

126 1449 263 1511 Codanus
283 1456 420 1523 vocatur,
448 1448 575 1511 refertus
603 1447 708 1510 insulis
734 1467 858 1528 quarum
881 1450 1071 1513 clarissima⁵

126 1569 170 1622 est
196 1558 368 1622 Scadinavia
395 1559 589 1640 inconpertae
617 1560 844 1640 magnitudinis,
871 1561 1041 1642 portionem

126 1680 240 1732 tantum
264 1670 327 1732 eius
348 1669 427 1749 quod
449 1678 554 1731 notum
575 1669 613 1731 sit
628 1669 827 1734 Hillevionum
849 1681 937 1752 gente
953 1673 1042 1752 quin·

127 1783 223 1863 gentis
250 1781 400 1844 incolente
429 1780 526 1860 pagis,
560 1798 636 1860 quae
662 1781 787 1846 alterurn
818 1782 919 1845 orbem
946 1792 1042 1845 terra·

194 1975 376 2030 7-11.a101a
395 1977 420 2038 3,
437 1976 462 2039 6,
480 1977 522 2030 56.
611 1977 635 2031 8.
654 1989 751 2029 oeonae
769 1975 889 2044 Annua,
906 1992 1042 2031 oeonas-es

129 2086 239 2125 oaeones
257 2084 368 2123 oeceuas
380 2075 406 2120 et
416 2068 541 2120 similiter
553 2069 618 2121 libri
626 2069 722 2136 Solini,
741 2085 869 2124 oeocenae
882 2072 936 2123 Dic
947 2075 971 2136 7,
987 2075 1011 2138 5,
1026 2075 1041 2124 3

128 2165 161 2230 (1,
174 2167 225 2224 21).
312 2166 337 2219 9,
350 2162 503 2215 lancsiorum
513 2162 589 2230 And,
602 2162 759 2217 funestorum
770 2165 889 2233 1)qu
901 2166 924 2219 ll
936 2165 1043 2232 lacuna,

127 2258 308 2325 phanesiorum
326 2255 498 2309 iannesiorum
515 2255 679 2310 hanesiorum
696 2258 761 2310 libra·
775 2259 865 2312 Salina·
877 2264 923 2326 19,
942 2265 971 2325 t,
996 2261 1044 2314 Pa-

128 2353 213 2406 notios
231 2351 352 2403 [sidonas
371 2353 412 2415 11,
431 2352 455 2417 3,
474 2354 505 2405 19
523 2368 558 2403 arc
574 2352 670 2406 Plinio.

195 2447 237 2510 96,
251 2449 275 2500 1.
287 2445 457 2512 inguaeonnrn
469 2445 560 2498 Anna
573 2447 683 2500 Solinus
694 2449 735 2513 29,
750 2452 762 2501 1
779 2449 833 2502 Die
844 2451 868 2514 7,
881 2453 904 2514 5,
917 2450 1042 2515 1(7,22).

195 2543 220 2593 2.
232 2527 313 2606 prima
325 2539 351 2590 in
360 2537 494 2592 Germania
503 2541 556 2592 Dic
564 2539 740 2608 Detlefseaus,
748 2541 830 2608 prima
841 2541 901 2594 inde
914 2543 1042 2609 germania

128 2632 244 2697 nuhaa,
263 2632 322 2685 inde
339 2633 419 2701 prima
438 2631 587 2687 Germaniae
602 2635 635 2686 A.
695 2650 773 2688 saevo
790 2634 841 2686 An
858 2635 968 2688 Solinus
983 2638 1043 2704 Dic,

128 2743 190 2780 sero
210 2725 258 2782 lld.
336 2728 360 2780 3.
377 2727 471 2794 ripaeis
487 2727 544 2780 ltu.
578 2727 689 2780 Solinus
706 2730 771 2779 haec
787 2730 828 2780 itu
845 2730 953 2781 rettulit
967 2729 1043 2784 Mons

130 2818 214 2875 Saevo
231 2849 264 2860 —
282 2819 383 2874 initium
401 2820 550 2874 Germaniae
568 2820 637 2874 iacit
666 2821 824 2890 lnguaeones
842 2825 937 2891 tenent,
955 2840 970 2876 a
988 2825 1044 2894 qui-

130 2915 177 2968 hus
194 2914 284 2982 primis
301 2917 361 2983 post
378 2912 489 2984 Scythas
506 2930 599 2969 nomen
618 2915 794 2970 Germanicum
813 2917 952 2986 consurgit,
970 2917 1043 2970 dives

129 3008 211 3062 virum
229 3012 304 3074 terra,
322 3008 443 3078 frequens
460 3009 564 3078 populis
581 3011 724 3064 numerosis
736 3013 762 3064 et
774 3010 926 3064 inmanibus.
955 3015 1043 3065 exten-

130 3101 198 3156 ditur
216 3103 283 3154 inter
294 3100 448 3172 hercynium
465 3103 559 3156 saltum
572 3106 598 3156 et
609 3119 687 3171 rupea
700 3103 871 3158 Sarmatarum
882 3104 963 3170 (conf.
975 3105 1043 3158 Plio.

129 3198 218 3261 tto).
254 3196 299 3248 ubi
316 3197 414 3266 incipit,
432 3195 563 3265 Danuvio,
580 3198 625 3251 ubi
642 3199 749 3265 desinit,
767 3199 857 3253 Rheno
874 3198 1043 3269 pertunditur.

199 3291 223 3343 6.
247 3289 393 3344 scadinauia
416 3291 532 3359 Dante,
560 3293 702 3346 scatinauia
724 3293 798 3360 AE²‚
827 3292 991 3348 scandinania
1013 3292 1044 3361 li,

130 3382 279 3438 sandinauia
296 3385 341 3453 Il1,
359 3386 484 3453 gangania
503 3386 613 3440 Solinus
630 3389 676 3454 20,
693 3389 722 3452 8,
740 3387 877 3441 scandauia
895 3387 1045 3442 caudinauia

131 3480 253 3534 candauia
271 3480 324 3532 Dic
342 3484 371 3546 l,
389 3482 418 3547 4,
435 3482 450 3533 3
470 3484 511 3546 (1,
530 3483 579 3546 18).
708 3481 896 3534 hillevionum
915 3481 938 3534 ll
955 3483 1044 3534 9119·-

132 3576 198 3627 cuila'
215 3575 275 3628 DV.
