2560 4186
259 248 299 312 78
531 264 550 305 n
571 262 725 307 srmnours
746 263 832 307 cinno
853 264 902 307 vu.

257 438 310 521 τῆς
332 427 416 495 κατά
437 427 509 506 τοὺς
523 422 739 506 Οὐινδολικούς
751 430 804 495 καὶ
816 428 961 508 Ῥαιτοὺς
975 432 1027 496 καὶ
1040 429 1177 522 ’Eneape-

257 543 347 617 τίους.

225 657 240 707 2
320 653 417 741 Μέρος
445 652 498 741 μέν
520 646 557 742 δή
580 677 612 716 τι
633 659 688 742 τῆς
709 650 807 741 χώρας
827 651 943 745 ταύτης
963 652 1128 745 ἠρήμωσαν
1151 661 1180 721 οἱ

257 764 357 828 Δακοὶ
378 761 686 854 καταπολεμήσαντες
699 763 805 840 Βοίους
819 766 871 828 καὶ
886 765 1078 855 Ταυρίοκους,
1103 771 1179 856 έίλνη

257 873 396 941 Κελτικοὶ
418 873 460 938 τοὶ
483 874 540 940 ὑπὸ
555 875 735 964 Κριτασίρῳ,
759 874 924 964 φάσκοντες
945 874 1021 940 εἶναι
1041 874 1099 966 τὴν
1115 875 1179 964 χώ-

259 1011 311 1076 ραν
334 986 486 1075 σφετέραν,
509 986 615 1074 καίπερ
636 993 778 1074 ποταμοῦ
799 980 978 1075 διείργοντος
999 994 1056 1051 τοῦ
1078 987 1178 1076 Παρί-

228 1116 241 1156 ι
258 1123 322 1178 σου,
345 1097 461 1187 ρ’έοντος
483 1095 543 1162 ἀπὸ
565 1103 628 1161 τῶν
651 1095 725 1186 ὀρῶν
747 1099 797 1161 ἐπὶ
812 1095 866 1162 τὸν
878 1094 992 1187 Ἴστρον
1007 1096 1091 1162 κατά
1106 1097 1179 1174 τοὺς

258 1201 456 1297 Σκορδίσκους
471 1209 674 1297 καλουμένους
687 1206 848 1284 Γαλάτας·
871 1206 995 1298 καὶγὰρ
1011 1198 1099 1273 οὗτοι
1113 1221 1177 1285 τοῖς

256 1319 428 1409 Ἰλλυρικοῖς
455 1325 554 1384 &aaut
579 1321 632 1384 καὶ
657 1331 720 1395 τοῖς
742 1318 885 1408 Θρᾳκίοις
906 1314 1018 1407 ἀναμὶξ
1038 1316 1177 1409 ᾤκησαν·

259 1429 325 1494 ἀλλ’
350 1431 480 1507 ἐκείνους
501 1431 555 1518 μὲν
578 1437 604 1495 οἱ
619 1430 718 1496 Δακοὶ
732 1431 912 1511 κατέλυσαν,
935 1428 1057 1505 τούτοις
1076 1423 1178 1496 δὲκαὶ

258 1539 424 1631 συμμάχοις
445 1540 612 1632 ἐχρήσαντο
634 1539 788 1617 πολλάκις.
825 1539 863 1606 τὸ
885 1534 926 1618 ,δὲ
946 1539 1053 1606 λοιπὸν
1075 1547 1179 1630 έχουσι

217 1669 241 1711 ro
258 1650 419 1718 Παννόνιοι
445 1654 531 1743 μέχρι
552 1654 734 1742 Σεγεστικῆς
762 1654 814 1716 καὶ
833 1647 950 1741 Ἴστρου
971 1649 1042 1741 πρὸς
1064 1649 1178 1742 άρκτον
1269 1713 1270 1718 ,

259 1766 311 1828 καὶ
332 1764 386 1828 ἕω·
415 1763 485 1854 πρὸς
512 1757 545 1828 δὲ
567 1755 670 1828 τάλλα
690 1764 763 1853 μέρη
784 1765 834 1828 ἐπὶ
854 1764 945 1828 πλέον
967 1757 1176 1830 διατείνουσιν.
1269 1795 1270 1836 ;

330 1990 354 2051 Ε
377 1988 563 2052 ΡΟΜΡΟΝΙΙ
584 1988 715 2051 MELAE
737 1988 787 2052 DE
810 1987 1111 2052 decucurrerunt

654 2121 748 2176 muno
765 2123 784 2176 1.

167 2247 194 2302 3.
210 2252 240 2308 15
323 2244 442 2325 Europa
473 2245 617 2307 terminos
648 2245 738 2306 hahet
770 2245 806 2307 ab
846 2244 960 2306 oriente
993 2242 1107 2305 Tanain
1147 2254 1178 2308 et

259 2355 402 2418 Maeotida
433 2363 463 2417 et
484 2355 628 2430 Pontum,
659 2373 674 2416 a
700 2355 821 2418 meridie
848 2355 962 2436 reliqua
989 2355 1084 2418 nostri
1112 2375 1176 2418 ma-

258 2468 314 2544 ris,
337 2467 373 2528 ab
396 2466 550 2528 occidente
572 2465 765 2543 Atlanticum,
793 2487 810 2528 a
831 2466 1035 2547 septentrione
1056 2467 1177 2530 Britan-

211 2594 241 2644 18
261 2579 362 2641 uicum
391 2577 634 2640 Oceanum...
658 2623 665 2640 .
688 2579 821 2658 gentium
848 2577 944 2660 prima
975 2585 1019 2639 est
1047 2577 1176 2659 Scythia,

217 2671 238 2710 '²
260 2690 314 2752 alia
337 2709 425 2771 quam
446 2689 522 2752 dicta
545 2689 646 2752 estad
668 2688 796 2763 Tanain,
824 2688 920 2750 media
941 2688 1034 2750 ferme
1056 2689 1176 2753 Pontici
1268 2695 1269 2700 ’

258 2801 373 2878 lateris;
405 2801 476 2863 hinc
508 2801 539 2863 in
568 2800 675 2880 Aegaei
704 2807 820 2881 partem
850 2799 1004 2881 pertinens
1032 2798 1175 2864 Thraciae

259 2932 293 2975 ac
326 2911 514 2974 Macedoniae
548 2909 727 2990 adiungitur.
777 2919 841 2972 tum
871 2909 992 2972 Graecia
1022 2911 1176 2992 prominet

229 3025 465 3105 adegaeumque
494 3024 530 3085 ab
559 3022 643 3085 Ionio
670 3021 744 3082 mari
773 3021 891 3084 dirimit.
939 3020 1099 3084 Hadriatici
1130 3024 1173 3086 la·

329 3220 369 3271 13.
378 3213 535 3285 Ἐλιιηπίους
548 3214 1004 3283 coraas,r1unoeim‚ruu0uucri
1016 3215 1062 3280 (cf.
1072 3233 1100 3285 p.
1114 3221 1172 3274 192.

258 3307 283 3370 3,
300 3303 335 3370 2),
351 3295 436 3364 Βοίους
454 3303 633 3368 casaubonus,
651 3303 776 3354 Zeoreius
794 3303 851 3356 233.

326 3391 350 3451 2,
369 3391 392 3442 2.
413 3383 484 3442 δάκοι
500 3389 561 3441 Bel.
665 3390 689 3440 3.
707 3387 863 3458 εκρετοσείριρ
880 3387 947 3453 Alc,
964 3385 1099 3460 κρετοσίρω
1111 3390 1134 3443 C
1147 3397 1173 3442 ol

257 3472 332 3524 Bere
350 3479 514 3529 canceium.
533 3472 604 3534 conf.
618 3489 647 3540 p.
666 3474 715 3527 303
733 3489 771 3538 sq.
814 3467 949 3542 φάσκοντος
966 3473 1009 3526 ΑΙ.
1084 3477 1108 3528 8.
1127 3469 1171 3526 δά-

257 3575 296 3610 κοι
312 3558 374 3612 Βθί.
479 3562 518 3613 10.
536 3558 616 3629 μέχρις
631 3557 765 3626 αἰγεστικῆς
781 3559 815 3613 Α.
