2560 4186
386 265 404 308 ιι
426 263 579 308 ετυιιουιε
600 263 686 306 muno
709 263 745 307 ιν.
984 249 1024 310 57

103 429 248 520 ματρικοὶ
268 407 447 494 κατοικοῦσι
463 427 518 494 τόν
531 427 650 519 Ῥῆνον,
672 431 704 494 ἐν
719 425 761 506 οἷς
774 422 893 519 ἵδρυται
907 429 1025 519 Γερμα-

103 540 190 608 νικὸν
211 547 295 618 ἔθνος
309 541 478 631 περαιωθὲν
493 541 528 604 ἐκ
541 545 597 630 τῆς
612 540 721 616 οἰκείας
735 538 904 630 Τρίβοκχοι.
938 542 970 605 ἐν
992 533 1026 606 δὲ

102 665 172 730 τοῖς
193 653 356 744 Σηκοανοϊς
378 655 445 718 ἐστι
465 649 503 718 τὸ
525 647 591 741 όρος
612 650 628 716 ὁ
649 648 823 742 Ἰουροίοιος,
852 643 971 741 διορίζει
992 643 1021 714 δ’
1098 711 1101 719 ,

100 762 305 854 Ἐλυηττόους
320 764 373 828 καὶ
387 760 567 854 Σηκοανοός.
605 761 676 853 ὑπὲρ
692 753 743 828 οῦν
758 768 821 827 τῶν
834 761 1025 852 Ἐλοηττίων
1043 781 1056 822 5

102 877 158 940 καὶ
179 882 242 940 τῶν
262 875 428 964 Σηκοανῦν
443 867 565 939 Αἴδουοι
585 875 637 938 καὶ
651 873 799 962 Λίγγονες
821 879 935 940 οἰκοῦσι
955 871 1026 962 πρὸς

103 979 205 1068 δόσιν,
234 985 306 1076 ὑπὲρ
328 977 363 1050 δὲ
383 991 447 1049 τῶν
467 977 718 1074 Μεδιοματρικῶν
739 984 856 1050 Λεῦκοι
882 986 934 1049 καὶ
962 990 1025 1048 τῶν

101 1094 267 1186 Λιγγόνων
282 1122 315 1161 τι
329 1096 422 1186 μέρος.
456 1093 499 1160 τοὶ
514 1088 548 1160 δὲ
561 1089 678 1184 μεταξὺ
693 1099 767 1184 ἔθνη
778 1103 835 1161 τοῦ
846 1119 883 1159 τε
893 1094 1025 1184 Λίγγρος

103 1211 157 1272 καὶ
178 1215 238 1273 τοῦ
252 1205 397 1297 Σηκοοίνα
417 1213 559 1295 ποταμοῦ
579 1204 623 1270 τὰ
643 1206 734 1295 πέραν
752 1213 809 1271 τοῦ
822 1199 973 1272 Ῥοδανοῦ
987 1229 1024 1270 τε

101 1321 157 1384 καὶ
171 1327 230 1400 τοῦ
242 1317 367 1409 Ἄραρος
380 1315 563 1408 παράκειται
576 1315 647 1406 πρός
662 1313 773 1407 ἄρκτον
787 1329 850 1393 τοῖς
865 1341 901 1382 τε
911 1315 1024 1382 Ἀλλό-
1044 1334 1066 1377 ιο

103 1425 180 1520 βριξι
202 1431 255 1494 καὶ
275 1441 339 1507 τοῖς
360 1430 426 1519 περὶ
445 1427 484 1494 τό
498 1422 710 1517 Λούγδουνον·
731 1425 852 1494 τούτων
867 1420 898 1491 δ’
916 1429 1024 1516 ἐπιφα-

103 1537 254 1606 νέστατόν
275 1542 342 1605 ἐστι
362 1538 401 1606 τὸ
424 1547 486 1605 τῶν
499 1538 661 1630 Ἀρυέρνων
684 1541 736 1604 καὶ
757 1535 795 1604 τό
809 1546 873 1604 τῶν
886 1537 1023 1628 Καρνοό-

101 1675 179 1734 των,
203 1645 239 1715 δι’
265 1641 307 1715 ὦν
329 1649 439 1740 ἀμφοῖν
461 1649 624 1739 ἐνεχθεὶςὸ
645 1649 745 1740 Λίγηρ
767 1656 806 1727 εἰς
820 1647 876 1716 τὸν
891 1647 1024 1716 ὠκεανὸν

104 1757 203 1841 ἔξεισι.
241 1755 351 1852 δίαρμα
367 1756 399 1827 δ’
424 1762 506 1828 ἐστὶν
528 1767 567 1838 εἰς
589 1759 645 1852 τὴν
660 1758 871 1851 Πρεττανικὴν
885 1757 946 1826 ἀπὸ
961 1768 1024 1825 τῶν

103 1880 253 1962 ποταμῶν
273 1881 329 1963 τῆς
343 1874 494 1964 Κελτικῆς
516 1877 610 1938 εἴκοσι
630 1874 682 1937 καὶ
703 1869 868 1961 τριακόσιοι
890 1863 1022 1937 στάδιοι·
1043 1890 1066 1931 ιε

104 1983 163 2051 ὑπὸ
179 1982 238 2075 γὰρ
253 1981 309 2074 τὴν
321 1980 462 2075 ἄμπωτιν
474 1982 522 2072 ἀρ’
541 1983 664 2073 ἑσπέρας
679 1981 864 2071 ἀναχθέντες
878 1989 919 2077 τῇ
934 1980 1023 2047 ὑστε-
1041 2006 1065 2058 p.
1077 1993 1124 2046 194

104 2098 175 2186 ραίορ
200 2097 266 2184 περὶ
295 2089 406 2185 ὀγδόην
434 2092 513 2185 ὥραν
538 2096 731 2183 καταίρουσιν
762 2099 801 2170 εἰς
835 2091 891 2184 τὴν
926 2099 1022 2181 νῆσον.

103 2205 185 2296 μετὰ
210 2200 245 2270 δὲ
265 2203 337 2281 τοῦς
357 2199 617 2294 Μεδιοματρικοῦς
639 2206 691 2268 καὶ
713 2201 897 2294 Τριβόκχους
917 2229 1023 2295 παροι-

105 2326 191 2385 κοῦσι
218 2315 273 2382 τὸν
299 2315 408 2406 Ῥῆνον
437 2314 590 2407 Τρήυιροι,
618 2314 693 2380 καθ’
726 2315 776 2393 οῦς
800 2316 964 2390 πεποίηται
984 2314 1022 2381 τό

103 2423 224 2519 ζεῦγμα
245 2424 304 2493 ὑπό
326 2434 389 2493 τῶν
409 2426 573 2516 Ῥωμαίων
599 2428 663 2491 νυνὶ
684 2433 747 2491 τῶν
769 2425 1023 2517 στρατηγούντων
1040 2447 1066 2488 νο

103 2539 160 2607 τὸν
191 2536 375 2629 Γερμανικὸν
406 2536 548 2627 πόλεμον.
592 2539 684 2629 πέραν
717 2531 751 2603 δὲ
784 2534 881 2620 ᾤκουν
913 2533 1024 2621 Οῦβιοι

104 2649 189 2714 κατὰ
218 2658 329 2715 τοῦτον
358 2647 413 2714 τόν
441 2647 551 2732 τόπον,
579 2649 629 2725 οῦς
656 2646 830 2739 μετήγαγεν
856 2646 1024 2738 Ἀγρίππας

105 2759 232 2837 ἑκόντας
254 2767 293 2837 εἰς
314 2759 371 2851 τὴν
392 2758 477 2837 ἐντός
498 2767 556 2826 τοῦ
568 2758 689 2851 Ῥήνου.
727 2758 879 2849 Τρηυίροις
900 2749 934 2823 δε
953 2783 1022 2823 συν-

105 2883 180 2963 εχεῖς
194 2871 324 2962 Νέρειοι,
346 2871 398 2936 καὶ
420 2879 515 2938 τοῦτο
530 2869 713 2962 Γερμανικὸν
729 2875 829 2946 ἔθνος·
851 2874 1023 2936 τελευταῖοι

174 3192 200 3241 5.
218 3185 246 3239 δὲ
262 3186 402 3254 λονηττίους
418 3188 452 3240 Α.
555 3189 580 3241 6.
598 3189 621 3241 ο1
638 3188 706 3241 δοῦοι
723 3188 794 3241 libri.
900 3188 924 3240 8.
941 3185 1023 3254 kim-

107 3301 146 3354 ρος
163 3286 190 3333 et
209 3283 239 3334 13
256 3280 340 3351 λι1γηρ
358 3282 430 3336 libri.
527 3283 565 3336 12.
584 3283 708 3352 ουαέρνων
724 3279 802 3334 ABG.
895 3283 935 3333 14.
952 3281 1022 3351 βρετ-

106 3371 205 3443 τανικὴν
221 3375 303 3428 libri?
378 3378 417 3429 15.
435 3395 451 3443 η
469 3375 497 3442 0,
514 3371 580 3428 όκτῦ
596 3377 628 3441 B,
646 3369 721 3428 εἴκοσι
737 3374 828 3430 ceteri.
907 3377 947 3429 19.
964 3394 1022 3447 τρη-

107 3473 205 3542 οῦσγροι
221 3471 254 3534 Α,
271 3469 409 3540 τριοῦσγροι
425 3469 487 3522 Bel,
574 3471 615 3523 21.
634 3464 719 3538 οῦόβιοι
733 3467 778 3535 Ae,
794 3465 876 3539 ἴμβροι
893 3467 921 3522 0.

108 3569 147 3619 23.
164 3558 323 3636 τρηοῦσγροις
338 3565 382 3631 Αἱ,
399 3558 558 3634 τρηουόγροις
576 3563 602 3630 O,
619 3558 769 3633 τριουόγροις
785 3562 817 3615 Β.
