2552 4172
278 221 336 282 110
551 239 570 278 n
592 236 677 280 rnruu
699 236 784 280 meno
806 237 912 280 anxur.

273 405 321 486 pia
350 404 522 466 Hammonis
555 404 667 480 ohissc,
700 405 741 466 ihi
775 413 805 468 et
836 407 993 470 delubrum
1033 408 1095 470 eius
1125 427 1192 470 esse

274 524 362 596 atque
384 515 536 586 oraculum
559 515 761 596 electrumque
783 517 876 598 gigni.
915 517 1071 581 Philemon
1092 518 1192 581 fossile
1260 571 1261 584 ,

274 646 339 690 esse
366 635 397 688 et
423 626 454 688 in
479 626 597 707 Scythia
625 628 689 690 erui
711 627 828 690 duobus
849 629 938 704 locis,
967 629 1125 691 candidum
1145 637 1191 690 at-

274 757 332 818 que
360 737 438 800 cerei
467 737 575 800 coloris
604 739 684 818 quod
704 747 860 801 vocaretur
888 739 1048 817 electrum,
1075 741 1104 802 in
1133 739 1191 801 alio

224 857 257 909 34
274 848 386 910 fulvum
419 848 499 928 quod
531 849 729 929 appellaretur
760 850 1027 931 hyalopyrrichum.
1084 852 1192 914 liemo-

273 967 384 1022 stratus
415 959 581 1041 lyncurium
614 961 644 1022 id
673 969 756 1022 vocat
788 970 818 1022 et
849 961 915 1022 fieri
947 981 984 1024 ex
1012 961 1097 1023 urina
1123 961 1192 1042 lyn-

274 1089 341 1134 cum
374 1071 550 1147 bestiarum,
584 1091 602 1134 e
634 1072 763 1134 maribus
794 1073 906 1136 iulrum
939 1080 969 1134 et
1001 1072 1135 1152 igneum,
1173 1091 1191 1132 e

274 1182 391 1244 leminis
416 1182 584 1264 languidius
611 1191 700 1264 atque
729 1183 904 1260 candidum;
935 1183 1008 1245 alios
1035 1183 1065 1246 id
1092 1182 1191 1244 dicere

245 1293 443 1373 slangurium
472 1302 502 1356 et
528 1313 592 1356 esse
617 1294 648 1355 in
671 1294 753 1356 ltalia
773 1293 881 1358 bestias
901 1294 1053 1375 languros.
1095 1293 1190 1356 Zeno-

274 1401 381 1465 themis
409 1404 510 1484 langas
538 1413 623 1467 vocat
650 1404 767 1468 easdem
795 1412 826 1467 et
851 1405 931 1468 circa
957 1405 1069 1466 Padum
1095 1405 1120 1466 is
1147 1404 1189 1466 vi·

274 1523 333 1576 tam
359 1513 506 1595 adsignat,
538 1515 666 1578 Sudines
690 1516 827 1578 arborem
857 1534 933 1596 quae
959 1517 1062 1597 gignat
1089 1516 1119 1576 in
1141 1513 1189 1575 Li-

224 1636 256 1690 35
274 1625 358 1704 guria
392 1627 488 1688 vocari
526 1628 622 1708 lynca.
679 1627 710 1689 in
751 1627 852 1688 eadem
885 1627 1032 1688 sententia
1065 1633 1096 1689 et
1129 1625 1190 1686 hlo-

274 1736 412 1799 trodorus
440 1737 503 1800 luit.
553 1738 678 1800 Sotacus
705 1738 829 1800 credidit
857 1737 889 1799 in
916 1737 1069 1800 Britannia
1099 1736 1189 1817 petris

274 1849 395 1911 ellluere
432 1867 505 1927 quas
544 1849 699 1912 electridas
734 1849 861 1924 vocavit,
903 1848 1028 1930 Pytheas
1064 1847 1188 1910 Gutoni·

273 1959 330 2022 hus
359 1959 534 2022 Germaniae
562 1961 644 2041 genti
670 1959 763 2022 accoli
790 1959 969 2022 aestuarium
996 1959 1108 2021 Oceani
1129 1957 1188 2020 hle·

244 2070 405 2133 stuonidis
449 2071 585 2148 nomine,
629 2072 723 2152 spatio
766 2071 929 2134 stadiorum
971 2089 1024 2132 sex
1066 2069 1188 2143 milium,

274 2181 310 2242 ah
347 2182 405 2243 hoc
440 2181 498 2244 diei
534 2181 719 2263 navigatione
754 2181 857 2246 abesse
892 2181 1018 2244 insulam
1055 2180 1188 2256 Abdum,

274 2291 324 2352 illo
368 2310 423 2372 per
465 2311 517 2355 rer
558 2293 697 2356 fluctibus
740 2292 841 2355 advehi
885 2301 916 2354 et
957 2311 1022 2354 esse
1058 2292 1189 2354 concreti

274 2403 363 2465 maris
395 2413 639 2484 purgamentum,
672 2403 785 2466 incolas
816 2422 872 2484 pro
903 2402 986 2483 ligno
1019 2403 1056 2464 ad
1090 2403 1189 2483 ignem

274 2512 318 2575 uti
344 2533 380 2576 eo
407 2515 608 2596 proximisque
635 2515 779 2578 Teutonis
805 2514 942 2577 vendere.
985 2513 1055 2575 huic
1083 2523 1114 2575 et
1140 2513 1189 2576 'l’i-

235 2644 258 2686 to
277 2642 375 2688 maeus
424 2626 560 2702 credidit,
609 2627 661 2689 sed
710 2624 837 2688 insulam
883 2623 1019 2687 Basiliam
1068 2625 1188 2687 vocarit

342 2881 366 2931 6.
383 2878 562 2932 hammoncsso
580 2879 673 2932 obesse
690 2879 721 2944 B,
738 2892 795 2930 earn
811 2877 896 2930 monis
913 2877 999 2930 obisse
1015 2877 1049 2930 F.

277 2977 317 3028 10.
334 2972 561 3042 hyalopyrrichum
582 2973 699 3039 Urlichs,
723 2971 915 3026 sualiternicum
932 2972 969 3036 Β,
990 2970 1187 3024 subalternicnrn

273 3067 307 3133 F,
324 3066 507 3120 nualternicum
519 3083 549 3119 c.
627 3068 668 3132 34,
688 3068 710 3120 1.
729 3064 917 3118 demonstratus
934 3064 1008 3119 aaa.
1090 3068 1115 3118 2.
1131 3065 1189 3134 lyn-

275 3160 372 3213 curium
389 3159 425 3223 id]
444 3161 568 3226 luceoli,
593 3159 697 3228 lyncum
721 3159 747 3212 id
762 3159 801 3225 F,
823 3158 939 3226 lyncuria
957 3158 1074 3224 (lincuria
1086 3160 1113 3224 a)
1130 3175 1189 3214 cum

274 3253 300 3307 id
312 3271 340 3306 rc.
443 3256 484 3319 35,
503 3256 528 3308 3.
546 3256 572 3306 et
589 3253 668 3306 liuere
681 3251 730 3320 3¹,
748 3251 842 3305 elicere
856 3251 900 3306 13².
1002 3251 1140 3318 guionihus
1155 3255 1188 3318 B,

275 3348 414 3414 gulonibus
425 3364 457 3399 c.
568 3349 591 3400 4.
610 3349 686 3414 gente
703 3345 761 3400 BF.
814 3344 1046 3411 Oceani-spatio]
1065 3346 1097 3398 ab
1115 3362 1189 3401 ocea-

275 3441 301 3494 ni
315 3442 351 3507 B,
370 3442 459 3494 oceani
476 3441 518 3507 (ah
537 3455 633 3494 oceano
648 3441 688 3506 F)
711 3439 864 3493 metuonidis
881 3438 1051 3506 (metuonides
1064 3441 1091 3506 a)
1108 3441 1189 3494 nomi-

276 3551 307 3591 ne
325 3536 408 3602 spatio
425 3537 477 3604 Fa,
494 3550 662 3589 meconomon
680 3534 783 3587 nomine
800 3535 832 3587 ah
851 3549 947 3588 oceano
965 3533 1049 3602 spatio
1066 3532 1098 3586 t.
