2560 4186
381 182 418 237 Ιιι
438 179 592 223 ετιιιοοιιιε
612 179 698 222 mmo
720 179 767 222 vu.
1001 163 1039 226 71

131 347 227 410 αἰτίαν
247 353 304 410 τοῦ
326 343 484 435 πλάνητας
503 345 646 435 γενέσθαι
668 347 720 409 καὶ
739 340 915 438 λῃστρικοὺς
930 337 1042 408 ἀποθέ-

131 451 205 534 ξαιτ’
229 454 264 522 άν
283 467 341 537 τις,
365 453 414 521 ὅτι
435 449 609 546 χερρύνησον
632 463 782 531 οἰκοῦντες
804 452 922 548 μεγάλῃ
941 459 1041 545 πλημ-

130 562 223 658 μυρίθι
243 563 414 646 ίξελαθεῒεν
436 571 472 632 ἐκ
488 574 550 631 τῶν
572 565 692 633 τόπων·
715 564 845 655 καὶγὰρ
867 571 918 628 νῦν
940 570 1073 652 ἔχουσιῠ

129 678 183 769 την
209 678 308 770 χώραν
335 679 372 768 ἢν
398 676 477 766 εἶχον
499 675 657 768 πρότερον,
688 680 739 742 καὶ
760 675 895 765 ἔπεμψαν
917 683 963 759 τῷ
985 677 1042 740 Σε-
1060 699 1085 752 p.
1094 682 1143 734 293

129 793 229 874 βαστῷ
252 784 347 881 δῶρον
368 787 423 854 τὸν
446 787 609 878 ἱεροίτατον
631 786 698 879 παρ’
724 786 826 863 αὐτοῖς
847 787 974 876 λέβητα,
996 794 1043 851 αἰ-

128 900 265 990 τούμενοι
287 902 387 990 φιλίαν
409 902 462 966 καί
483 898 650 989 ἀμνηστίαν
672 907 735 963 τῶν
758 898 961 988 ὑπηργμένων,
987 923 1042 962 τυ·
1064 899 1066 907 ⁸

128 1010 228 1100 χόντες
251 1006 286 1077 δὲ
307 1003 349 1076 οἷν
370 1006 471 1101 ἠξίουν
495 1010 627 1100 ἀπῆραν·
664 1015 782 1099 γελοῖον
806 1002 840 1073 δὲ
860 1017 906 1093 τῷ
927 1016 1042 1097 φυσικῷ

127 1125 176 1187 καὶ
207 1124 319 1206 αἰωνίῳ
352 1120 446 1188 πάθει
477 1115 520 1198 δίς
554 1119 682 1210 ἑκάστης
710 1119 819 1211 ἡμέρας
848 1122 1042 1209 συμβαίνοντι
1060 1139 1084 1181 ιο

127 1235 396 1325 προσοργισθέντας
424 1232 568 1299 ἀπελθεῖν
598 1235 634 1297 ἐκ
660 1239 717 1296 τοῦ
745 1229 851 1298 τόπου.
903 1237 982 1298 ἔοικε
1010 1226 1043 1297 δὲ

127 1344 283 1435 πλάσματι
304 1343 344 1410 τὸ
366 1345 512 1434 συμβῆναί
533 1367 609 1408 ποτε
631 1340 875 1433 ὑπερβάλλουσαν
900 1348 1043 1434 πλημμυ-

127 1450 205 1545 ρίδα·
228 1455 380 1532 ἐπιτάσεις
400 1456 454 1545 μὲν
469 1455 527 1544 γάρ
542 1456 593 1519 καὶ
608 1453 719 1529 ἀνέσεις
734 1447 866 1542 δέχεται,
889 1456 1043 1545 τεταγμέ-

127 1591 175 1642 νας
196 1559 232 1631 θὲ
253 1570 307 1632 καὶ
328 1550 557 1656 περιοδιζούσας,
582 1565 598 1631 ὁ
621 1564 751 1641 ὠκεανὸς
769 1569 801 1630 ἐν
816 1577 879 1642 τοῖς
893 1565 1043 1643 τοιούτοις

128 1676 264 1742 πάθεσιν.
303 1677 358 1744 οὐκ
379 1670 413 1742 εύ
435 1671 466 1741 θ’
492 1670 563 1742 οὐδὲ
584 1673 711 1766 ὁφήσας
727 1673 807 1741 ὅπλα
822 1681 960 1765 αἴρεσθαι
973 1676 1045 1768 πρὸς
1063 1708 1087 1750 ιι

31 1817 32 1824 ¹
128 1787 182 1865 τάς
202 1783 413 1879 πλημμυρίδας
433 1786 506 1864 τούς
526 1786 684 1877 Κίμβρους,
708 1781 769 1852 οὐδ’
796 1785 845 1853 ὅτι
867 1785 993 1876 ἀφοβίαν
1017 1795 1044 1853 οἰ

30 1913 31 1952 3
127 1896 242 1965 Κελτοὶ
271 1899 434 1976 ἀσκοῦντες
461 1893 710 1977 κατακλύζεσθαι
738 1897 794 1974 τάς
817 1899 910 1975 οἰκίας
932 1897 1044 1986 ὑπομέ-

129 2035 235 2093 νουσιν,
259 2009 318 2076 εἰτ’
337 2005 575 2100 ἀνοικοδομοῢσι,
595 2012 647 2074 καὶ
662 2007 711 2075 ὅτι
725 2010 836 2074 πλείων
851 2008 954 2086 αὐτοῖς
969 2036 1045 2099 συμ-

130 2123 222 2204 βαίνει
254 2121 365 2212 φθόρος
392 2118 426 2200 &E
453 2115 563 2198 ὕδατος
589 2116 609 2212 ἧ
636 2121 787 2209 πολέμου,
821 2118 891 2211 ὅπερ
916 2117 1046 2212 Ἔφορός

129 2255 222 2321 φησιν.
262 2233 286 2323 ἡ
308 2232 366 2323 γάρ
387 2227 472 2310 τάξις
492 2232 511 2322 ἡ
534 2239 597 2298 τῶν
618 2226 832 2322 πλημμυρίθων
854 2234 907 2297 καί
926 2233 964 2299 τὸ
987 2232 1043 2323 την
1062 2253 1087 2295 ιο

129 2337 360 2434 ἐπικλυζομένην
383 2342 481 2434 χώραν
503 2341 579 2408 εἶναι
599 2341 745 2433 γνώριμον
769 2341 824 2411 οὐκ
845 2349 952 2433 ἔμελλε
977 2370 1043 2410 τοι·

130 2453 225 2531 αύτας
245 2453 302 2530 τοίς
323 2453 451 2530 ἀτοπίας
471 2449 615 2544 παρέξειν.
652 2447 695 2530 θὶς
717 2453 774 2545 γάρ
791 2453 920 2544 ἑκάστης
933 2452 1043 2546 ἡμέρας

130 2564 242 2631 τούτου
265 2567 478 2654 συμβαίνοντος
500 2564 537 2630 τὸ
560 2559 634 2655 μηδ’
660 2561 743 2644 ἅπαξ
764 2564 965 2630 αἰσθάνεσθαι
986 2590 1042 2655 φυ-

131 2676 213 2766 σικην
237 2668 328 2742 οὖσαν
348 2675 405 2767 τὴν
427 2677 599 2767 παλίρροιαν
622 2678 674 2741 καὶ
696 2675 831 2766 ἀβλαβῆ,
854 2678 906 2742 καί
928 2675 963 2742 οὐ
985 2676 1041 2767 μύ-

131 2813 186 2864 νοις
215 2786 335 2865 τούτοις
363 2789 583 2877 συμβαίνουσαν
613 2785 695 2852 ἀλλά
720 2799 785 2864 τοῖς
805 2789 1042 2878 παρωκεανίταις
1059 2812 1085 2854 ιο

131 2906 210 2981 πᾶσι,
232 2906 296 2975 πῶς
317 2898 374 2964 ούκ
394 2897 559 2980 ἀπίθανον;
589 2892 658 2964 οὐδὲ
679 2898 866 2990 Κλείταρχος
888 2892 936 2965 εὖ·
973 2901 1043 2990 φησὶ

131 3008 186 3099 γάρ
212 3008 284 3086 τοὺς
311 3011 417 3087 ἱππέας
445 3004 563 3086 ἰδόντας
590 3008 646 3100 τὴν
675 3004 781 3099 ἔφοδον
808 3018 865 3077 τοῦ
893 3005 1043 3101 πελάγους

196 3212 226 3286 θ,
245 3220 268 3280 1,
282 3219 306 3268 5.
324 3215 461 3280 ἰξελαθέιεν
473 3217 504 3271 C?
516 3221 542 3269 et
553 3217 617 3269 libri
627 3218 771 3282 nonnulli,
790 3215 941 3280 ἔξελασθέίεν
954 3221 1042 3270 τοίαν.

199 3303 239 3356 14.
248 3296 427 3372 περιοριζούσας
438 3301 510 3370 libri,
523 3319 586 3355 σοιν·
598 3301 782 3356 Τσεείικσίιίιισ.
852 3306 894 3357 21.
907 3298 997 3364 ταύτας
1008 3306 1041 3356 li-

134 3389 180 3453 ἰαί,
197 3381 310 3449 τοιαύτας
327 3388 604 3456 οονααε,91οι“νιε1ιίιιι.
691 3392 732 3444 27.
750 3384 806 3450 τούς
820 3388 904 3451 ἱππίας
919 3391 1042 3445 Alo-‘can-

135 3473 182 3542 ιίτί,
198 3471 271 3535 cons.
289 3473 379 3527 Curtii
395 3475 456 3528 Ιιίιί.
474 3477 499 3542 9,
517 3478 542 3543 9,
562 3477 593 3528 25
612 3475 739 3542 (Arriani
757 3475 834 3528 anab.
854 3479 878 3545 6,
897 3479 948 3545 19).
