2560 4186
492 259 647 302 crunnum.
986 242 1026 306 39

115 436 149 489 et
179 427 267 499 Quadi
300 435 402 509 agunt.
452 428 610 508 praecipua
644 427 900 490 Marcomanorum
934 427 1027 507 gloria

21 547 25 552 ’
113 539 262 618 viresque,
291 546 380 618 atquc
410 539 471 618 ipsa
500 539 586 600 etiam
615 538 700 601 sedes
728 538 820 618 pulsis
849 538 919 600 olim
949 538 1027 600 Boiis

10 633 11 640 ἵ
112 649 217 710 virtute
243 658 336 730 parta.
381 667 437 711 nec
459 648 564 711 Varisti
587 649 716 721 Quadive
745 650 935 728 degenerant.
978 668 1027 710 ea-

68 791 74 798 ·
114 777 174 838 qne
198 760 370 822 Germaniae
400 760 478 822 reiut
509 761 595 821 frons
627 768 685 836 est,
718 767 865 840 quatenus
893 761 1056 823 Danuvios

114 871 323 950 praecingitur.
367 870 562 933 Marcomanis
584 870 754 950 Quadisque
782 889 877 950 usque
906 871 942 932 ad
972 891 1027 934 no-

113 987 201 1042 stram
234 981 407 1043 memoriam
440 1000 526 1062 reges
558 991 732 1045 manserunt
762 1001 797 1044 ex
829 991 918 1063 gente
947 983 1028 1064 ipso-

113 1075 191 1166 rum,
220 1093 321 1155 nobile
342 1093 515 1155 Marobodui
546 1101 576 1156 ct
596 1092 688 1154 Tudri
709 1111 817 1173 genus:
847 1093 905 1155 iam
927 1102 957 1156 et
978 1113 1029 1155 ex·

56 1269 72 1278 ..
114 1211 211 1266 ternos
246 1205 416 1284 patiuntur;
453 1204 505 1266 sed
536 1203 579 1266 vis
615 1211 644 1265 et
676 1205 809 1284 potentia
840 1204 960 1284 regibus
992 1224 1028 1266 ex

20 1317 29 1324 '
115 1316 285 1377 auctoritate
325 1314 467 1376 Romana.
521 1333 590 1375 raro
627 1316 715 1378 armis
751 1316 875 1392 nostris,
912 1316 1028 1397 saepius
1046 1338 1071 1381 ro

115 1427 238 1504 pecunia
260 1426 408 1501 iurantur,
433 1443 489 1486 noe
510 1426 611 1488 minus
631 1425 739 1488 valent.

173 1546 255 1600 retro
285 1537 426 1617 Marsigni
453 1536 551 1600 Cotini
579 1536 631 1600 Osi
658 1537 729 1599 Bnri
757 1545 840 1618 terga
866 1537 1027 1600 Mareoma·
1041 1547 1079 1606 te

116 1667 218 1712 norum
250 1648 481 1728 Quadorumque
509 1648 660 1710 claudunt.
709 1667 726 1709 e
755 1647 863 1727 quibus
888 1649 1029 1729 Marsigni

115 1768 140 1820 et
160 1760 234 1822 Buri
262 1777 401 1822 sermone
427 1760 568 1840 cultuque
590 1757 705 1820 Suebos
726 1760 876 1822 referunt:
907 1759 1029 1822 Cotinos

113 1871 236 1945 Gallica,
270 1869 345 1932 Qsos
372 1871 545 1934 Pannonica
573 1869 674 1949 lingua
706 1870 840 1950 coarguit
872 1889 934 1930 non
964 1889 1029 1932 esse

113 1982 292 2055 Germanos,
322 1988 352 2042 et
380 1981 461 2061 quod
476 1981 603 2050 tributa
625 1980 786 2060 patiuntur.
837 1988 948 2061 partem
975 1981 1059 2041 tri-⁶

112 2093 252 2154 butorum
275 2091 440 2168 Sarmatae,
467 2101 579 2172 partem
603 2091 697 2162 Quadi
724 2100 758 2152 ut
779 2091 952 2171 alienigenis
974 2091 1029 2152 im·

111 2211 239 2284 ponunt
284 2201 396 2278 Cotini,
426 2221 485 2282 quo
508 2203 600 2282 magis
622 2203 745 2283 pudeat,
773 2211 803 2264 ct
824 2204 936 2264 terrum
958 2203 1031 2264 edo-

180 2425 205 2475 2.
225 2420 295 2489 quali
309 2420 336 2473 0.
405 2427 625 2474 marcomanorum
638 2422 661 2473 b.
807 2426 830 2478 3.
850 2422 927 2474 etiam
945 2423 1029 2490 ipsab

110 2508 255 2574 Hauptius.
324 2505 386 2558 sede
398 2521 420 2558 o.
489 2506 556 2558 boiis
569 2508 598 2572 d,
621 2505 756 2559 boisBCc.
860 2511 885 2560 4.
903 2513 974 2575 parta
988 2509 1030 2572 Co,

112 2598 200 2660 parata
212 2593 260 2645 Bb.
328 2590 427 2644 maristi
441 2590 473 2657 0,
496 2591 590 2644 Naristi
603 2595 692 2647 cotom.
744 2575 791 2664 &⁴
813 2595 836 2645 5.
854 2591 1030 2656 dannuioBC‚

112 2678 225 2731 danubio
238 2679 276 2729 be.
362 2678 386 2728 6.
406 2675 578 2743 praecingitur
598 2677 779 2743 Pugnabam,
800 2677 929 2746 peragitur
945 2677 1029 2732 Buce.

145 2762 290 2816 areomanis
308 2764 405 2813 omissa
422 2759 448 2812 M
466 2778 534 2826 quac
551 2765 635 2814 minzio
652 2767 732 2830 pingi
750 2763 859 2814 dedebat
874 2761 910 2827 B,
933 2777 1030 2814 mareo-

111 2848 194 2900 manis
213 2862 273 2898 eum
291 2847 374 2898 litura
391 2861 475 2914 cupra
492 2849 545 2899 nd.
609 2847 699 2914 quadis
717 2865 749 2901 ue
763 2849 789 2901 0.
852 2861 934 2914 usquc
953 2863 995 2898 om
1008 2864 1029 2898 c.

180 2936 205 2985 7.
223 2936 371 2985 manserunt
384 2933 430 2997 Co,
448 2946 564 2984 mansere
575 2932 611 2996 B,
630 2933 732 2985 mansei
743 2935 766 2985 d.
871 2935 895 2986 8.
913 2933 1031 2986 marobo-

112 3017 155 3070 dui
169 3020 192 3082 b,
211 3016 360 3070 marobodui
371 3018 403 3082 B,
420 3015 544 3070 marobod
562 3016 599 3069 tui
614 3017 640 3081 0,
657 3015 792 3071 Marbodui
804 3034 826 3069 c.

179 3101 229 3172 ta,
249 3105 271 3156 1.
290 3101 370 3169 gotini
383 3101 459 3154 BbCo
476 3106 502 3152 et
518 3104 549 3154 in
565 3105 689 3168 margine
701 3103 724 3172 β.
781 3101 850 3154 Bnrii
863 3102 904 3154 Co.
965 3117 1031 3156 mar-

111 3203 276 3241 comanorum
294 3203 355 3240 cum
373 3187 557 3252 litorumque
575 3189 628 3253 nb,
646 3185 857 3241 Marchomanoru
870 3186 911 3238 Co.

110 3293 134 3342 2.
157 3268 265 3360 fidorum
285 3289 327 3341 ce.
414 3291 437 3340 3.
457 3287 556 3341 Sueuos
568 3289 631 3354 Boe,
650 3305 741 3342 scenos
754 3305 791 3355 pr
810 3288 831 3340 0
847 3292 873 3338 et
888 3289 951 3340 inde
969 3305 1031 3341 corr

111 3389 151 3428 sv.
209 3374 313 3442 gotinos
327 3373 408 3426 Bure.
426 3408 445 3466 C
512 3377 535 3426 4.
555 3374 694 3441 galitaoscs
711 3374 837 3442 panonica
851 3373 877 3426 C.

113 3461 137 3512 6.
154 3460 226 3528 quati
240 3460 267 3515 0.
336 3463 365 3512 nt
380 3460 443 3524 Boe,
461 3462 488 3511 et
507 3475 528 3511 o.
632 3463 656 3514 7.
674 3459 757 3512 Qotini
772 3459 813 3524 Oc,
831 3458 912 3524 gotini
926 3461 973 3514 Bc.

112 3544 193 3613 pudet
206 3544 233 3597 θ.
