2552 4172
250 257 310 322 116
528 270 546 311 n
568 266 653 309 aurun
675 266 759 309 cinno
781 267 886 310 anxur.

198 454 232 506 49
250 443 332 506 arida
361 447 391 502 et
417 439 548 520 philyrae
574 444 607 499 ut
629 454 752 517 magnes
772 436 846 517 lapis
868 437 994 500 serrum.
1038 450 1186 504 ramenta

249 571 369 635 quoquc
398 550 461 614 eius
491 551 556 612 oleo
586 548 683 610 addito
711 549 838 628 flagrant
866 547 1026 613 dilucidius
1047 550 1184 615 diutius-

250 684 307 746 que
336 682 424 744 quam
455 661 509 723 lini
536 659 673 722 medulla.
716 659 824 721 taxatio
852 659 884 720 in
907 659 1013 724 delicis
1035 670 1122 725 lanta
1147 672 1184 726 ut

251 775 380 838 hominis
413 773 546 854 quamvis
578 789 664 853 parva
701 770 813 850 effigies
844 769 978 834 rivorum
1015 773 1182 837 homiuum

219 887 470 969 erigentiumque
506 883 601 965 pretia
638 891 811 963 exsuperet,
851 899 978 962 prorsus
1014 893 1050 945 ut
1086 886 1181 949 casti-

249 999 328 1080 gatio
360 1016 421 1060 una
454 1014 515 1058 non
549 994 588 1057 sit
619 994 698 1056 satis.
748 993 779 1055 in
810 992 962 1054 Corinthis
992 1012 1044 1057 aas
1076 997 1181 1080 placet

249 1117 372 1190 argento
396 1126 527 1187 auroque
549 1105 689 1179 mixtum,
718 1104 749 1165 in
778 1102 896 1166 caelatis
917 1122 966 1166 ars
989 1113 1021 1168 et
1043 1106 1178 1187 ingenia,

250 1222 452 1304 myrrinorum
501 1225 532 1280 et
578 1215 815 1298 crystallinorum
866 1213 994 1279 diximus
1039 1217 1177 1296 gratiam,
1266 1239 1267 1248 ¹

250 1331 378 1393 uniones
408 1329 503 1411 capite
533 1329 798 1403 circumferuntur,
828 1344 961 1406 gemmae
992 1328 1108 1409 digitis,
1140 1330 1175 1392 in

210 1442 390 1504 nomnibus
416 1441 544 1521 denique
574 1440 638 1502 aliis
659 1439 735 1501 vitiis
761 1446 812 1499 aut
840 1437 998 1500 ostentatio
1028 1448 1082 1502 aut
1102 1460 1175 1504 usus

201 1565 232 1614 50
250 1552 361 1634 placet,
389 1552 420 1614 in
450 1551 562 1614 sucinis
589 1549 653 1613 sola
678 1549 850 1612 deliciarum
876 1549 1072 1613 conscientia.
1116 1553 1174 1615 llo·
1267 1553 1268 1578 ¹

250 1664 350 1726 mitius
378 1663 456 1726 Nero
489 1662 520 1724 in
556 1661 661 1723 ceteris
692 1660 768 1722 ritae
799 1678 870 1723 suae
902 1662 1054 1742 portentis
1083 1663 1172 1745 capil-

250 1776 295 1839 los
322 1794 442 1856 quoquc
469 1775 623 1854 Poppaeae
652 1771 787 1853 coniugis
813 1789 883 1834 suae
912 1754 942 1833 iu
972 1772 1032 1834 hoc
1062 1793 1171 1837 nomeu
1268 1772 1269 1779 '

251 1887 439 1969 adoptaverat
471 1885 599 1965 quodam
632 1883 719 1946 etiam
753 1882 885 1945 carmine
917 1881 1042 1946 sucinos
1071 1885 1170 1968 appel·
1268 1883 1269 1890 ’

222 1998 349 2059 claudo.
405 1996 546 2078 quoniam
584 1995 673 2057 nullis
705 1994 771 2056 ritis
807 1995 915 2056 desunt
950 1995 1084 2075 pretiosa
1120 2015 1171 2059 no·

251 2110 348 2183 mina,
378 2126 413 2170 ex
442 2127 477 2170 eo
506 2106 611 2168 tertius
636 2105 755 2186 quidam
777 2105 825 2167 hic
847 2105 930 2166 colos
951 2107 1053 2187 coepit
1076 2108 1173 2190 expeti

252 2218 405 2282 matronis.
455 2236 526 2280 usus
557 2225 656 2279 tamen
686 2215 792 2298 aliquis
819 2215 992 2279 sucinorum
1021 2215 1174 2282 invenitur
1269 2213 1270 2232 ¹

202 2339 233 2389 51
253 2330 284 2392 in
313 2328 474 2404 medicina,
501 2328 553 2390 scd
583 2347 645 2389 non
675 2327 713 2389 ob
735 2327 793 2389 hoc
814 2327 932 2390 feminis
952 2327 1084 2408 placent.
1129 2332 1176 2393 in·

253 2441 385 2503 lantibus
417 2439 567 2520 adalligari
600 2439 719 2501 amuleti
751 2438 866 2501 ratione
902 2439 1032 2520 prodest
1090 2441 1176 2504 Calli·

253 2561 361 2616 stratus
387 2551 528 2633 prodesse
554 2549 642 2612 etiarn
664 2549 840 2630 cuicumque
862 2549 950 2612 aetati
971 2559 1079 2614 contra
1099 2553 1176 2635 lym·

255 2664 411 2746 phationes
453 2663 543 2724 tradit
585 2670 615 2724 et
656 2661 761 2724 urinae
804 2659 1026 2726 difficultatibus
1070 2673 1175 2744 potum

226 2775 510 2856 cadalligatumque.
559 2772 608 2835 hic
641 2780 671 2835 et
703 2771 898 2835 differentiam
931 2790 1039 2836 novam
1073 2775 1176 2838 adtulit

325 3007 349 3057 6.
367 3006 394 3056 el
411 3002 500 3071 filyras
514 3001 551 3069 B,
574 2999 717 3054 acchiluras
730 2997 770 3065 F,
788 3016 832 3053 om
844 2999 876 3053 L.
986 3002 1032 3065 49,
1051 3005 1077 3058 4.
1096 3003 1177 3057 homi-

256 3114 315 3152 nem
327 3098 358 3162 B,
375 3096 506 3150 hominum
518 3114 547 3151 o.
643 3099 667 3152 8.
685 3093 796 3147 diximus
814 3097 856 3160 37,
874 3096 905 3148 21
924 3110 980 3160 sqq.
1075 3099 1116 3151 11.
1134 3097 1175 3152 de·

256 3193 372 3245 liciarum
389 3192 425 3257 B,
444 3190 593 3245 deliciarum
611 3193 711 3243 tantum
727 3207 756 3243 rc.
861 3190 906 3254 50,
924 3188 948 3241 3.
966 3202 1070 3256 poppae
1089 3192 1175 3244 coniu-

259 3287 299 3354 gis
316 3301 377 3339 suae
392 3285 426 3352 B,
443 3300 542 3354 popeae
561 3283 669 3353 coniuge
687 3299 749 3337 suae
766 3283 803 3347 F,
826 3281 944 3348 coniugis
962 3297 1024 3335 suae
1041 3299 1174 3354 poppaeae

257 3379 289 3445 L,
306 3394 405 3447 popeae
424 3379 540 3447 coniugis
558 3379 612 3432 sive
631 3396 656 3432 a.
723 3378 750 3430 in
768 3391 812 3428 om
828 3375 860 3427 B.
928 3375 1032 3430 nomine
1049 3377 1082 3430 B.

259 3473 283 3526 6.
301 3473 404 3541 quidam
422 3489 464 3526 om
480 3474 512 3527 B.
616 3476 640 3526 8.
657 3472 744 3540 placet
759 3472 791 3525 B.
902 3471 948 3535 ol,
971 3471 996 3522 3.
1020 3471 1175 3542 quicumque

259 3566 302 3620 13¹.
408 3571 432 3620 5.
450 3566 512 3620 lecit
529 3566 561 3634 B,
579 3565 672 3620 adtulit
688 3585 718 3619 aa.
