2560 4186
497 289 652 333 ηηηηηηη.
991 273 1032 335 37

111 475 144 518 ao
178 457 390 521 valentissimis
423 457 594 520 nationibus
630 457 720 520 oinoti
756 477 817 520 non
855 477 910 539 per
946 458 1033 522 obse·

25 563 32 574 '
110 567 234 648 quium,
263 567 314 630 sed
337 567 459 647 proeliis
480 587 515 630 ao
536 568 730 650 periclitando
752 567 808 630 tuti
829 578 909 632 sunt.
952 570 1034 632 Reu-

109 678 193 759 digni
224 678 332 742 deinde
361 687 390 739 et
411 678 539 742 Aviones
567 687 598 740 et
619 676 716 757 Anglii
742 687 772 740 et
793 679 893 742 Varini
919 688 949 742 et
970 679 1033 743 Eu-

108 789 198 853 doses
224 798 254 852 et
268 789 440 852 Suardones
462 798 492 851 et
506 789 671 852 Nuithones
692 789 865 854 fluminibus
887 799 938 852 aut
954 792 1063 856 silviss

108 901 302 963 muniuntur.
362 919 418 962 neo
460 900 618 980 quiequam
659 901 790 962 notabile
832 901 863 964 iu
900 901 1034 984 siugulis,

109 1011 167 1073 nisi
203 1012 285 1092 quod
319 1012 350 1073 in
384 1029 543 1073 commune
575 1011 735 1085 Nerthum,
769 1011 799 1072 id
831 1019 877 1075 est
911 1013 1033 1076 Terram

109 1130 239 1184 matrem
268 1122 373 1184 uolunt
400 1139 523 1201 eamque
551 1121 730 1185 intervenire
757 1120 848 1185 rebus
869 1123 1033 1200 hominum,

109 1232 212 1295 invehi
248 1232 368 1315 populis
400 1231 592 1296 arbitrantur.
648 1240 692 1295 est
727 1232 759 1295 in
791 1233 888 1296 insula
921 1233 1034 1296 Oceani

110 1352 227 1406 eastum
257 1361 379 1420 nemus,
408 1343 596 1423 dicatumque
625 1344 656 1405 in
686 1362 721 1405 eo
743 1343 925 1421 vehiculum,
953 1352 1033 1407 reste
1052 1357 1076 1399 1⁰

112 1463 297 1518 contectum.
348 1453 492 1533 attingere
520 1455 573 1517 uni
601 1453 746 1516 sacerdoti
775 1473 959 1518 eoncessum.
1010 1456 1035 1519 is

112 1564 215 1629 adesse
257 1565 404 1646 penetrali
440 1565 524 1626 deam
557 1564 702 1646 intellegit
733 1571 906 1645 vectamque
937 1565 1035 1630 bubus

112 1676 234 1739 seminis
264 1675 357 1738 multa
390 1693 459 1738 oum
491 1676 685 1738 veneratione
718 1677 917 1756 prosequitur.
967 1677 1036 1740 laeti

115 1794 186 1850 ωηο
214 1787 294 1861 dies,
323 1787 397 1849 festa
426 1786 490 1850 loca
520 1805 722 1867 quaecumque
744 1787 871 1848 adventu
892 1787 1036 1868 hospitio-

12 1969 17 1990 ι
114 1916 173 1977 que
195 1898 345 1979 dignatur.
390 1917 452 1959 non
475 1896 550 1959 beNa
572 1898 687 1974 ineunt,
710 1916 772 1958 non
796 1915 876 1959 arma
897 1907 1079 1976 sumunt31s

115 2008 248 2073 clausum
277 2026 366 2070 omne
394 2009 522 2086 femum3
554 2028 611 2090 pax
646 2018 675 2071 et
704 2007 788 2091 quies
815 2014 889 2069 ωηο
917 2015 1034 2070 ωηωηη

116 2129 200 2198 nota,
239 2128 314 2183 tuno
345 2125 461 2181 tantum
497 2128 607 2196 amata,
649 2120 746 2181 donee
782 2118 860 2182 idem
897 2119 1035 2182 sacerdos
1119 2126 1124 2135 '

182 2349 208 2400 3.
226 2361 258 2398 ao
268 2346 321 2412 Bb,
339 2347 365 2398 tir
377 2346 419 2400 οο.
522 2343 663 2414 Veusdigni
675 2349 729 2412 Bb,
753 2346 775 2399 R
791 2363 874 2416 supra
892 2345 915 2398 V
933 2347 1035 2400 adscre-

114 2435 207 2502 ροίιβ,
225 2431 335 2498 Reudigi
349 2430 381 2496 0,
399 2430 526 2498 Reudigni
538 2447 560 2485 o.
664 2432 818 2486 &Auiones
830 2432 901 2494 1300,
928 2432 1034 2485 uniones

116 2519 138 2580 b,
156 2534 174 2569 v
191 2533 278 2584 supra
292 2519 415 2584 priorem
433 2531 450 2566 η
468 2521 497 2590 at
511 2521 541 2568 ω
557 2519 682 2584 margine
692 2516 806 2569 Aviones
818 2517 843 2585 β.
894 2515 970 2581 Angii
983 2531 1006 2568 o.

115 2603 195 2656 ratini
209 2602 237 2654 0.
341 2605 365 2656 5.
384 2599 505 2655 Suarines
517 2603 601 2668 Baro,
619 2601 700 2655 dones
716 2618 800 2668 supra
818 2602 873 2653 ines
891 2601 1037 2666 adscripsit

115 2689 138 2758 β,
155 2681 274 2743 inermes
291 2701 338 2740 seo
356 2686 496 2740 suardones
514 2687 746 2754 Stootgarda'onsr‘s
763 2687 830 2738 tiber
847 2690 874 2736 et
889 2683 1034 2738 Susrdoues

114 2808 168 2844 oon
185 2789 258 2843 nolli
275 2789 333 2844 aut.
384 2788 529 2842 Nuithones
540 2790 587 2856 Be,
606 2755 724 2844 nnitbnes
738 2788 770 2854 0,
788 2794 910 2840 nurtones
923 2788 947 2853 b,
964 2787 973 2839 i
990 2785 1034 2839 ἠι-

112 2894 165 2944 pro
182 2879 233 2946 ηβ,
248 2875 377 2929 Nuitones
394 2875 536 2941 Nauplius.
640 2878 663 2928 7.
682 2888 791 2927 οοιηηηο
805 2873 832 2926 C.
895 2870 990 2925 Neithu
1001 2874 1033 2938 B,
1093 2916 1098 2925 .

11 3001 12 3006 κ
114 2963 272 3026 neithumb,
296 2975 409 3026 rrupra
426 2959 435 3011 i
453 2961 480 3028 β,
503 2958 634 3012 newthnm
648 2959 680 3025 0,
705 2959 828 3012 Nerthum
844 2974 866 3011 e.
936 2957 965 3009 ·i·
984 2960 1034 3010 ter·

114 3063 166 3100 ram
179 3062 202 3098 o.
308 3049 331 3100 9.
350 3044 454 3113 populis
471 3045 509 3098 Bb
527 3059 588 3095 oum
606 3046 702 3096 ceteris
719 3044 796 3096 libras
811 3043 954 3112 pleresque,
975 3057 1034 3109 pro·

114 3132 176 3198 priis
192 3131 246 3183 ooli
260 3131 301 3184 Co.
384 3134 425 3185 10.
444 3131 554 3183 castrum
568 3130 589 3182 0
604 3134 630 3181 at
644 3147 679 3198 pr·
697 3146 719 3183 ο.
788 3143 819 3182 eo
831 3128 984 3195 Rhenanus,
1002 3143 1034 3182 ea

113 3216 197 3318 Bbqe.
304 3219 343 3270 12.
362 3215 411 3269 deri
426 3215 452 3268 0.
513 3215 635 3283 intelligit
653 3217 726 3268 libri.
831 3217 871 3268 14.
892 3215 985 3310 bonnm
1006 3213 1033 3268 0.

161 3317 309 3386 ospitioqne
321 3318 345 3386 β.
442 3321 481 3370 15.
501 3319 587 3370 sumni
601 3317 627 3370 θ.
720 3319 759 3371 16.
779 3319 819 3368 17.
837 3317 899 3368 ωηο
916 3320 953 3369 tm
972 3319 1033 3369 nota

115 3409 155 3456 ωο
174 3408 247 3456 tantu
259 3403 291 3469 B,
309 3405 370 3456 ωηο
388 3403 425 3454 tria
442 3407 502 3456 nota
520 3401 558 3455 trit
570 3418 598 3469 o,
616 3418 684 3455 nuno
701 3404 801 3454 tantum
819 3405 879 3452 notu
896 3399 961 3454 Item
977 3403 1033 3454 tun-

116 3493 168 3542 tum
181 3489 208 3542 0.
260 3488 358 3540 inmota
376 3487 627 3555 Fraudmbergios,
651 3491 749 3553 amata,
773 3489 835 3538 ωηο
853 3488 953 3540 tantum
971 3490 1031 3540 ηοω

116 3575 311 3640 haebraearum,
329 3575 471 3642 Hauptt'ur.
