2552 4172
152 320 155 326 ,
203 257 262 321 102
408 269 413 276 '
494 272 622 314 nruuur
644 269 729 314 nunno
752 271 808 315 rvr.

199 440 236 502 ab
268 439 388 502 homine
421 440 550 502 didicere
583 440 707 502 blandos
738 455 860 519 sapores
892 438 1051 517 adoptione
1084 449 1120 500 et

171 550 348 625 aconubio,
378 550 523 630 —idque
550 569 660 613 munus
687 550 774 612 etiam
796 568 812 609 a
842 549 911 610 ieris
933 547 1117 611 volucribus-

202 681 259 742 que
286 661 456 736 didicimus,
486 662 630 723 —intra
658 662 822 742 praedictas
850 667 997 722 constant.
1046 677 1116 740 pro-

201 772 314 834 ximum
343 781 406 834 emt
428 791 548 834 narrare
570 770 763 850 glandiferas,
793 789 851 851 que
872 770 987 850 primae
1009 770 1118 832 vietum

200 883 369 945 mortalium
396 883 546 957 aluerunt,
578 883 710 944 nutrices
737 881 835 962 inopis
857 900 891 944 ac
918 882 1000 942 ferae
1021 881 1120 957 sortis,

202 995 233 1056 ni
262 993 409 1074 praeverti
437 999 556 1072 cogeret
586 983 738 1056 admiratio
761 1009 817 1055 usu
840 1000 998 1072 conperta,
1030 1011 1121 1072 quae-

160 1126 185 1168 ro
202 1123 271 1166 nam
304 1103 457 1184 qualisque
490 1111 566 1166 esset
598 1105 654 1166 vita
693 1103 757 1166 sine
796 1102 902 1164 arbore
940 1102 1014 1179 ulla,
1055 1103 1123 1166 sine

202 1215 309 1277 frutice
329 1214 498 1277 viventium.

168 1341 184 1392 2
265 1325 392 1387 diximus
425 1334 455 1387 et
486 1325 518 1386 in
551 1324 666 1386 oriente
698 1325 816 1405 quidem
851 1325 930 1387 iuxta
965 1325 1124 1388 Oceanum

202 1436 370 1517 complures
399 1454 431 1497 ea
460 1435 491 1496 in
520 1435 695 1498 necessitate
728 1445 841 1516 gentes.
890 1444 961 1498 sunt
989 1455 1061 1499 vero
1092 1446 1126 1499 et

202 1546 232 1608 in
263 1545 465 1625 septentrione
486 1545 564 1608 visae
592 1544 680 1608 nobis
701 1547 886 1609 Chaucorum
915 1547 966 1626 qui
992 1548 1123 1610 maiores

203 1657 393 1736 minoresque
425 1656 618 1737 appellantur.
667 1666 749 1719 vasto
781 1657 821 1719 ibi
854 1665 954 1719 meatu
982 1656 1029 1720 bis
1058 1659 1122 1721 die-

174 1786 271 1833 orum
309 1768 501 1847 noctiumque
539 1767 721 1848 singularum
753 1767 913 1830 intervallis
945 1768 1058 1830 effusus
1089 1768 1122 1831 in

203 1880 372 1942 inmensum
405 1878 502 1959 agitur
534 1877 686 1954 Oceanus,
724 1879 862 1960 operiens
894 1879 1039 1942 alternam
1073 1897 1122 1941 re-

203 2009 271 2052 rum
306 1998 430 2052 naturae
462 1989 695 2051 controversiam
730 1989 909 2069 dubiamque
946 1997 1043 2052 terrae
1084 1991 1123 2052 sit

170 2118 186 2168 3
204 2121 241 2165 an
263 2110 378 2181 partem
400 2099 498 2162 maris.
542 2099 601 2162 illic
623 2099 728 2162 misera
758 2118 832 2179 gens
853 2100 983 2162 tumulos
1005 2101 1124 2181 optinet

203 2213 278 2274 altos
300 2228 354 2272 ceu
378 2210 533 2272 tribunalia
556 2219 688 2272 extructa
709 2211 847 2273 manibus
867 2211 902 2273 ad
917 2211 1121 2290 experimenta

204 2321 336 2384 altissimi
363 2328 477 2395 aestus,
510 2321 583 2384 cesis
611 2322 651 2384 ita
672 2321 823 2402 inpositis,
854 2321 1060 2401 navigantibus
1081 2321 1122 2384 si·

205 2432 290 2495 miles
325 2450 392 2494 cum
430 2431 564 2512 integant
600 2449 693 2512 aquae
734 2433 927 2509 circumdata,
970 2433 1123 2512 naufragis

177 2562 275 2609 avero
297 2561 365 2605 cum
388 2543 580 2619 recesserint,
609 2543 816 2623 fugientesque
838 2563 905 2605 cum
928 2544 1002 2606 mori
1025 2544 1123 2624 pisces

206 2656 283 2717 circa
312 2654 429 2734 tuguria
456 2661 611 2715 venantur.
662 2673 723 2715 non
753 2654 897 2734 pecudem
926 2655 972 2717 his
1001 2653 1122 2732 habere,

207 2784 268 2827 non
302 2765 376 2826 lacte
409 2763 445 2824 ali
479 2771 512 2826 ut
547 2764 693 2838 finitimis,
727 2782 766 2825 ne
799 2783 866 2827 cum
897 2766 968 2828 feris
1002 2765 1123 2847 quidem

276 2995 301 3046 5.
319 3005 333 3042 a
350 2991 421 3042 idem
438 2991 553 3043 addidit.
639 2995 663 3046 6.
682 2990 823 3045 dedicimus
834 2992 879 3056 12¹,
897 2991 1013 3046 dedimus
1025 2994 1072 3048 12².

208 3089 310 3140 constat
325 3085 426 3138 Duru
444 3086 511 3151 (eod.
528 3086 613 3139 Paris.
631 3087 698 3138 6796
715 3102 783 3138 saec.
800 3088 842 3154 ru).
934 3091 958 3142 7.
976 3102 1043 3155 qnae
1060 3089 1126 3140 Det-

209 3178 336 3245 lessenus,
354 3193 404 3247 que
420 3178 471 3244 W,
495 3191 638 3246 quoquere.
762 3181 787 3233 9.
805 3180 840 3244 ni]
857 3180 882 3232 in
899 3179 959 3233 Μ.
1009 3185 1125 3248 cogeret}

209 3276 349 3340 congreget
363 3272 421 3324 DG.
483 3269 597 3324 conserta
615 3270 673 3324 ud.
793 3276 816 3337 2,
836 3276 858 3326 1.
877 3273 987 3327 diximus
1006 3277 1046 3341 13,
1065 3277 1125 3328 139.

277 3367 301 3418 3.
320 3380 455 3419 caucorum
469 3363 577 3417 Duru.
697 3369 721 3420 6.
743 3366 866 3420 alternam
880 3366 930 3431 12²,
954 3370 1085 3421 aeternam
1095 3387 1126 3422 ω.

278 3462 302 3510 ’1.
320 3457 476 3526 dubiumque
494 3458 526 3514 Ε.
647 3460 676 3524 3,
702 3462 724 3514 1.
746 3461 846 3527 optinet
863 3460 908 3514 ΒΞ
1028 3464 1053 3514 2.
1077 3479 1126 3515 eeu

209 3551 383 3617 Detlel'senue,
402 3551 450 3606 sub
466 3551 513 3618 11²,
530 3556 574 3605 aut
587 3569 617 3606 ce.
