2552 4172
490 279 648 324 nxcnnrrs.
968 263 1025 326 147

107 449 212 511 Aianis
244 449 363 530 genitus
399 466 463 510 esse
502 447 684 530 perhibetur.
739 457 769 509 et
800 447 875 528 patri
909 449 1058 528 quidemr

107 579 221 622 nomen
255 559 362 632 Micca,
399 559 484 620 matri
521 558 641 620 Hababa
676 558 767 620 tuisse
804 557 921 620 dicitur.
976 560 1028 622 sed

105 672 183 734 haec
226 669 347 732 nomina
383 669 559 732 Maximinus
602 669 705 749 primis
745 669 929 750 temporibus
965 671 1028 751 ipse

106 781 255 862 prodidit,
282 789 384 862 postea
406 799 476 842 vero
504 780 555 842 ubi
585 781 621 842 ad
649 779 807 860 imperium
829 781 909 843 venit
931 782 1027 843 occuli

105 892 276 972 praecepit,
304 909 342 953 ne
370 900 498 972 utroque
526 898 650 972 parente
676 889 802 954 barbaro
831 891 950 972 genitus
971 891 1027 953 im·

104 1011 230 1083 perator
252 1020 317 1064 esse
338 1001 496 1064 videretur.
1045 1017 1069 1059 ro

173 1113 222 1174 hic
253 1112 304 1174 diu
338 1112 392 1174 suh
421 1111 574 1174 Antonino
604 1110 751 1173 Caracallo
785 1111 904 1174 ordines
934 1111 1063 1186 duxit,4

105 1222 292 1284 centuriatus
336 1230 366 1284 et
407 1231 520 1285 ceteras
562 1221 703 1284 militares
746 1220 904 1303 dignitates
938 1239 1026 1302 saepe

4 1365 9 1372 ·
105 1333 251 1395 tractavit.
301 1331 357 1395 suh
384 1332 531 1408 Macrino,
561 1332 640 1412 quod
667 1351 737 1394 eum
763 1334 815 1413 qni
842 1331 1027 1414 imperatoris

105 1445 154 1506 sui
186 1443 278 1505 tilium
311 1443 459 1505 occiderat
489 1443 680 1506 vehementer
716 1444 838 1522 odisset,
876 1463 891 1505 a
924 1443 1026 1506 militia

106 1554 186 1616 desit
214 1563 244 1616 et
270 1554 301 1616 in
324 1553 449 1615 Thracia
478 1553 509 1614 in
532 1553 596 1615 vico
626 1551 677 1614 uhi
699 1554 817 1635 genitus
838 1555 935 1616 iuerat
955 1567 1055 1634 pos-⁵

105 1665 258 1728 sessiones
292 1663 464 1744 conparavit
495 1682 529 1727 ac
561 1682 679 1746 semper
712 1683 779 1725 cum
809 1663 911 1726 Gothis
945 1683 1026 1725 com-

105 1775 219 1837 mercia
252 1775 393 1836 exercuit.
442 1782 554 1837 amatus
587 1781 631 1836 est
663 1782 759 1835 autem
787 1774 875 1836 unice
903 1792 918 1834 a
946 1775 1027 1838 Getis

105 1886 192 1965 quasi
221 1903 323 1947 eorum
352 1886 430 1948 civis.
475 1885 559 1947 Alani
588 1885 768 1964 quicumque
803 1884 839 1945 ad
861 1884 955 1964 ripam
976 1903 1026 1945 ve·

106 2003 218 2058 nerunt
259 1996 385 2058 amicum
424 2014 492 2057 eum
525 1993 611 2056 donis
643 1994 768 2058 vicissim
801 1993 1026 2057 recurrentibus

106 2105 322 2184 adprobabant.
365 2107 415 2168 sed
439 2106 538 2167 occiso
560 2105 692 2168 Macrino
715 2123 782 2168 cum
805 2105 865 2168 filio
887 2124 952 2180 suo,
974 2103 1069 2166 nbi1⁰

106 2215 331 2295 Heliogabalum
375 2216 458 2296 quasi
495 2216 638 2278 Antonini
682 2216 774 2279 tilium
817 2218 1026 2298 imperatorem

106 2326 258 2406 conperit,
292 2327 350 2388 iam
378 2335 511 2389 maturae
540 2328 642 2390 aetatis
671 2328 706 2389 ad
735 2347 803 2391 eum
831 2329 912 2391 venit
938 2327 1027 2409 petit·

105 2454 166 2516 que
203 2444 237 2499 ut
271 2436 350 2517 quod
383 2455 454 2501 avus
489 2438 551 2500 eins
584 2437 710 2502 Severus
743 2439 843 2500 iudicii
880 2439 958 2499 circa
994 2455 1026 2499 se

104 2545 252 2610 habuerat
273 2539 387 2627 etipse
410 2547 541 2611 haberet.

106 2705 113 2721 .
140 2703 147 2718 .
172 2657 270 2721 occiso
300 2657 465 2721 Alexandro
494 2658 668 2721 Maximinus
696 2657 824 2738 primum
853 2675 870 2718 e
898 2655 1060 2737 corpores

104 2767 226 2830 militari
262 2778 293 2830 et
329 2770 462 2831 nondum
498 2779 618 2832 senator
653 2767 717 2830 sine
753 2768 872 2830 decreto
904 2776 1024 2830 senatus

178 2996 201 3047 5.
219 2992 387 3063 Symmachus
405 2994 431 3045 in
450 2995 540 3062 quinto
558 3009 619 3048 snae
636 2993 758 3048 historiae
780 2994 846 3047 libro
864 2992 1024 3046 ‘Alexandro'

104 3086 192 3156 inquit
207 3087 323 3141 ‘Caesare
345 3090 446 3140 mortno
463 3084 616 3141 Maximinus
640 3088 671 3140 ab
690 3087 803 3141 exercito
821 3086 903 3139 iactus
921 3090 961 3139 est
978 3086 1024 3138 im·

103 3184 218 3250 perator,
236 3196 267 3234 ex
284 3179 379 3234 infimis
397 3180 546 3250 parentibus
563 3181 589 3233 in
602 3180 709 3235 Thracia
727 3185 810 3245 natus,
829 3184 926 3248 epatre
939 3179 1023 3233 Gotho

104 3276 211 3329 nomine
229 3274 317 3339 Micca,
336 3279 416 3327 matre
428 3274 511 3328 Alana
528 3289 595 3342 qnae
612 3274 701 3328 Ababa
720 3274 866 3328 dicebatur'.
896 3273 1023 3326 Iordanes

104 3369 204 3422 deror.
216 3368 271 3421 Get.
282 3372 354 3423 cib.
368 3367 438 3430 cons.
449 3368 592 3421 Herodian.
603 3369 627 3431 6,
638 3369 660 3420 8.
701 3371 725 3422 8.
744 3368 812 3421 aenli
851 3369 875 3420 9.
892 3369 1022 3434 ntroan.

175 3460 419 3532 mem
522 3461 807 3514 tmmmffl
911 3461 1019 3514 &m

103 3555 193 3610 halani
209 3557 261 3622 BP,
279 3555 344 3607 ciuis
362 3555 402 3610 Ρ.
507 3559 546 3609 11.
565 3555 717 3623 imperatore
734 3556 765 3607 B.

819 3639 870 3693 10*
