2552 4172
562 273 647 316 ιιιιιιο
669 272 698 315 ιι.
1032 255 1092 318 167

170 437 340 525 τασχέτους
367 445 518 518 ποιοῦσιν,
548 438 587 514 ὡς
617 435 696 526 μόνα
723 446 787 502 τῶν
810 435 954 501 ἁπάντων
977 434 1095 526 ἀπάσης
1112 457 1137 499 ιι

170 541 284 622 δειλίας
315 544 498 635 ἀπεχόμενα.
550 547 663 638 ἀπειθῆ
693 542 727 613 δέ
755 545 832 614 όντα
861 559 924 623 τοῖς
954 544 1095 636 ἄρχουσιν

171 657 276 724 αὐτῶν
297 660 350 722 καὶ
371 655 554 746 ἀπράγμονα
575 661 628 723 καὶ
648 657 746 747 πάσης
765 660 915 734 ποικιλίας
929 661 982 722 καὶ
997 657 1096 746 ἀσφα-

169 770 253 844 λείας
289 765 378 842 έκτός
413 769 465 831 καὶ
493 775 548 857 τῆς
575 776 632 833 τοῦ
662 770 863 857 συμφέροντος
889 767 1010 858 γνώμης
1036 766 1096 830 τά-

171 873 245 955 ξεως
272 885 478 967 περιρρονοῦσι
505 880 557 942 καὶ
585 877 722 968 μάλιστα
750 887 805 969 τῆς
833 880 972 968 έρίππου.
1021 877 1096 942 ὑπο-

171 989 349 1077 ρθείρονται
385 981 419 1052 δὲ
454 986 601 1078 χρήμασιν
634 987 781 1070 εὐκόλως,
814 982 976 1079 φιλοκερδῆ
1009 985 1094 1054 όντα.
1114 1011 1139 1054 ιο

170 1106 263 1163 λυπεῖ
288 1091 323 1162 δὲ
348 1096 431 1163 αὐτοὶ
452 1096 648 1164 κακοπάθεια
669 1101 722 1164 καὶ
744 1097 901 1189 συντριβή·
947 1096 1016 1164 όσον
1038 1097 1096 1188 γάρ

170 1207 228 1284 τοὶς
250 1206 347 1296 ψυχάς
368 1207 522 1298 τολμηρὰς
544 1211 597 1274 καὶ
617 1211 760 1298 θρασείας
782 1210 963 1300 κέκτηνται,
986 1216 1097 1275 τοσοῦ-

173 1344 229 1385 τον
250 1316 294 1382 τά
315 1316 447 1406 σώματα
469 1318 590 1409 εὐσταθῆ
613 1322 666 1385 καὶ
688 1318 795 1385 ἁπαλά
816 1322 869 1385 καὶ
890 1316 985 1385 κόπον
1009 1318 1097 1385 εὐκό-

172 1435 234 1505 λως
267 1430 363 1518 φέρειν
395 1428 437 1518 μή
471 1423 631 1518 δυνάμενα.
683 1432 807 1520 προσέτι
839 1423 874 1495 δὲ
899 1436 991 1495 λυπεῖ
1021 1427 1097 1496 καύ-

174 1564 245 1621 σων,
267 1538 370 1627 ψῦχος,
395 1537 496 1628 βροχό,
519 1532 620 1604 ἔνδεια
640 1533 870 1629 δαπανημάτων
892 1543 944 1606 καί
961 1539 1098 1628 μάλιστα
1115 1556 1141 1600 ³⁵

175 1655 273 1731 οίνου,
307 1649 463 1738 ὑπέρθεσις
494 1651 639 1738 πολέμου.
694 1654 726 1715 έν
761 1643 795 1714 δὲ
830 1658 877 1733 τῷ
914 1658 1008 1738 καιρῷ
1045 1659 1100 1739 τῆς

176 1763 401 1848 καβαλλαρικῆς
430 1757 529 1848 μάχης
556 1763 766 1826 ἐναντιοῦνται
789 1759 893 1836 αὐτοῖς
914 1758 1006 1826 τόποι
1027 1753 1099 1824 δύσ-

176 1874 267 1955 βατοι
288 1872 340 1935 καὶ
362 1862 470 1950 δασεῖς,
494 1868 674 1958 ὑπομένουσι
696 1862 803 1934 δὲκαὶ
825 1862 943 1958 ἐνέδρας
969 1869 1100 1946 εὐκόλως

176 1979 260 2046 κατά
281 2005 318 2046 τε
336 1987 400 2045 τῶν
414 1980 554 2068 πλαγίων
569 1983 693 2046 καὶτοῦ
708 1978 806 2045 νοίτου
821 1987 877 2069 τῆς
891 1976 1100 2069 παρατάξεως,

227 2145 288 2197 -25,
312 2139 345 2203 ιύς
368 2137 495 2212 μονότονοι
516 2143 558 2195 καλ
581 2137 660 2209 πάσης
686 2141 775 2203 δειλίας
801 2136 954 2213 ἀπεχόμενοι.

180 2239 221 2290 26.
241 2239 282 2289 27.
300 2236 323 2287 L
341 2237 374 2288 88
398 2231 506 2296 ἀπειθεῖς
527 2235 555 2288 δέ
575 2231 632 2288 εἰσιν
653 2233 712 2306 πρὸς
734 2232 790 2298 τούς
807 2233 927 2306 ἄρχοντας
943 2231 1038 2302 αὐτῶν,
1061 2238 1103 2288 καί

179 2324 287 2399 μάλιστα
312 2323 438 2399 (Γράγχοι,
463 2328 603 2398 ἐλευθερίας
628 2323 711 2399 ὥσπερ
737 2324 943 2400 ἀντιποιούμενοι,
956 2331 1010 2382 ’καί
1033 2327 1103 2381 έκου·

179 2422 238 2482 σίως
260 2418 295 2491 ἐφ’
321 2418 379 2474 ὅσον
401 2419 482 2492 καιρός
504 2420 625 2492 ὠρίσωσιν
648 2417 666 2490 ἦ
689 2422 742 2492 περὶ
764 2425 815 2476 τοῖν
837 2418 962 2493 ἀρχόντων
985 2419 1103 2491 ὠρισθῶ-

180 2535 217 2570 σιν
239 2517 280 2568 καί
302 2509 377 2586 μόνον
400 2515 442 2567 καί
464 2513 551 2568 τούτου
573 2514 767 2584 παρερχομένου,
794 2515 814 2568 εί
836 2510 905 2586 τόχοι
922 2511 1008 2575 αὐτοὺς
1024 2514 1103 2586 έπιμέ-

180 2628 235 2676 νειν,
253 2611 346 2680 βαρέως
362 2608 470 2680 φέροντες
486 2604 529 2661 τὸν
545 2605 706 2678 παρασυρμὸν
722 2609 767 2661 τοῦ
782 2604 873 2679 χρόνου
890 2603 975 2661 λύουσι
991 2605 1035 2675 τὴν
1047 2602 1103 2660 σύν-

180 2701 247 2766 ταξιν
272 2703 317 2756 τοῦ
342 2701 464 2764 έξπεδίτου
490 2702 531 2754 καλ
560 2699 728 2771 ἀναχωροῦσιν
757 2699 795 2753 ἐπὶ
822 2699 878 2762 τοὺς
906 2701 986 2762 οίκους
1014 2697 1103 2753 αὐτῶν.

182 2799 215 2850 89
233 2790 386 2866 ἀπράγμονες
403 2795 431 2848 δέ
446 2793 490 2847 είσι
507 2797 548 2847 καί
634 2797 675 2848 28.
692 2789 801 2864 γνώμης·
820 2790 917 2846 διὸκαὶ
1002 2798 1044 2850 29.
1063 2796 1105 2859 τῖς

180 2887 372 2958 καβαλλαρικῆς.
476 2891 516 2940 30.
534 2888 557 2939 L
575 2892 607 2942 99
628 2918 658 2927 -
677 2887 825 2957 φιλοκερδεῖς
842 2882 918 2947 ὄντες·
941 2885 965 2949 έξ
982 2875 1018 2939 οἷν
1034 2887 1105 2957 πείρᾳ

182 2976 306 3052 μαθόντες
324 2982 409 3052 ίσμεν,
437 2977 485 3033 ἀπό
507 2982 558 3033 τοῖν
575 2979 599 3043 ἐξ
614 2977 720 3041 Ἰταλίας
737 2978 846 3033 ἐνταῦθα
862 2974 982 3040 πολλάκις
997 2999 1106 3050 παραγε·

181 3076 290 3146 νομένων
311 3073 348 3126 ἐπί
368 3076 410 3143 τῆς
432 3069 587 3141 διοικήσεως,
612 3074 643 3147 τῇ
665 3073 762 3127 ἐκείνων
783 3071 884 3144 ἐπιμιξίᾳ
908 3068 976 3144 οἶμαι
992 3074 1033 3125 κοιλ
1049 3066 1106 3125 τού-

176 3188 233 3242 Ἰτων
251 3167 467 3239 βαρβαρωθέντων
484 3186 509 3220 τε
526 3167 567 3219 καλ
584 3167 788 3221 συνεθισθέντων.
870 3170 911 3221 31.
930 3167 953 3219 L
970 3170 1001 3220 91
1021 3161 1107 3227 αὐτοῖς

253 3263 294 3314 34.
313 3261 335 3313 L
354 3264 387 3316 92
408 3261 479 3313 λυπεῖ
496 3256 582 3321 αὐτοὺς
599 3262 640 3312 καί
656 3289 689 3299 -
707 3260 798 3312 καλ-
816 3259 856 3310 καλ
971 3261 1011 3312 36.
1032 3259 1105 3326 οἴνου,

184 3353 218 3408 ἔτι
235 3353 262 3408 δε
279 3355 320 3406 καί
440 3355 480 3407 38.
499 3352 521 3404 L
540 3357 572 3407 93
591 3356 684 3420 δασεῖς,
707 3349 748 3406 διὰ
763 3348 792 3404 τό
805 3350 841 3412 εἰς
857 3349 936 3414 ὄξείαν
952 3351 1052 3406 ἐλασίαν
1069 3348 1104 3404 ἐπ’

185 3445 283 3508 εὐθείας
299 3443 360 3518 μετὰ
382 3449 432 3500 τῶν
455 3447 589 3516 κονταρίων
607 3442 816 3516 έγχυμνάσθησαι.
859 3445 882 3496 L
901 3449 935 3500 94
951 3446 992 3498 καί
1009 3440 1049 3498 διὰ
1067 3443 1107 3511 έγ-
1205 3487 1207 3492 .

184 3535 334 3612 κρυμμάτων
352 3536 446 3609 βλάβας
463 3533 570 3600 εὐκόλως
673 3544 714 3595 39.
732 3541 773 3607 τῆς
790 3537 884 3592 ἑαυτῶν
