2560 4186
185 189 205 250 4
518 202 651 245 canneru
673 201 768 244 racrrr

185 370 348 453 opinantur
368 370 459 448 longo
481 369 531 432 illo
551 378 581 431 et
595 368 730 431 fabuloso
745 387 848 432 errore
863 369 894 431 in
909 370 991 432 hunc
1007 370 1100 434 Ocea-

185 499 258 543 num
288 480 415 543 (lelatum
443 479 537 542 adisse
560 479 734 542 Germaniae
763 487 857 542 terras
879 480 1101 562 Asciburgium-

186 610 261 672 que,
290 588 370 671 quod
398 589 429 651 in
458 589 523 670 ripa
544 589 641 652 Rheni
668 590 757 652 situm
782 590 929 670 hodieque
951 590 1101 668 incolitur,

186 702 294 764 abillo
318 700 513 763 constitutum
536 700 781 780 nominatumque
801 745 981 763 .......
991 725 998 763 :
1021 721 1101 766 aram

145 825 169 867 1⁵
187 812 261 892 quin
290 812 377 874 etiam
399 809 475 872 Vlixi
501 819 703 873 consecratam
730 810 843 874 adiecto
867 810 989 875 Laertae
1010 814 1103 894 patris

186 923 309 985 nomine
337 922 439 984 eodem
470 921 536 983 loco
565 921 635 984 olim
657 930 819 1002 repertam,
849 932 1102 1002 monumentaque

186 1041 216 1094 et
248 1032 378 1095 tumulos
411 1032 553 1111 quosdam
586 1031 704 1093 Graecis
741 1031 846 1094 litteris
878 1033 1038 1115 inscriptos
1071 1035 1102 1096 in
1177 1090 1182 1099 .

183 1142 318 1205 ¹confinio
346 1142 519 1204 Germaniae
547 1142 726 1222 Raetiaeque
754 1141 848 1204 adhuc
875 1152 983 1206 extare.
1027 1162 1103 1224 quae

152 1303 154 1311 s
188 1272 285 1333 neque
308 1253 484 1316 confirmare
505 1254 688 1334 argumentis
710 1271 808 1333 neque
829 1253 963 1316 refellere
986 1254 1016 1317 in
1038 1256 1104 1317 ani-

145 1379 170 1422 ro
187 1382 236 1425 mo
266 1371 325 1426 est:
359 1382 393 1424 ex
427 1363 548 1442 ingenio
584 1381 638 1425 suo
667 1363 792 1442 quisque
820 1364 918 1426 demat
944 1365 990 1426 vel
1019 1364 1104 1427 addat

158 1474 283 1535 :fidem

150 1580 170 1634 4
250 1584 314 1664 ipse
345 1601 449 1644 eorum
483 1583 673 1664 opinionibus
706 1585 813 1647 accedo
847 1585 899 1666 qui
929 1585 1104 1648 Germaniae

187 1694 314 1776 populos
347 1692 436 1755 nullis
469 1693 532 1756 aliis
558 1694 680 1756 aliarum
707 1695 862 1756 nationum
891 1694 1028 1758 conubiis
1057 1697 1103 1758 in·

186 1806 281 1867 lectos
307 1803 457 1886 propriam
488 1812 516 1865 et
543 1804 689 1866 sinceram
717 1814 747 1867 et
775 1813 891 1868 tantum
913 1807 959 1869 sui
980 1807 1103 1868 similem

188 1923 308 1996 gentem
336 1913 465 1977 extitisse
494 1914 686 1978 arbitrantur.
730 1915 809 1978 unde
837 1916 957 1979 habitus
985 1935 1103 1997 quoque

158 2038 364 2107 icorporum,
399 2043 578 2106 quamquam
611 2026 641 2088 in
670 2034 754 2088 tanto
783 2027 939 2089 hominum
968 2045 1103 2102 numero,

188 2133 266 2196 idem
294 2135 447 2212 omnibus3
476 2145 576 2198 truces
603 2143 633 2197 et
654 2136 781 2198 caerulei
804 2138 896 2213 oculi,
925 2137 1030 2199 rutilae
1053 2155 1104 2199 co·

188 2263 268 2321 mae,
297 2262 404 2326 magna
431 2264 557 2326 corpora
585 2255 614 2308 et
636 2253 751 2309 tantum
773 2247 809 2309 ad
832 2247 976 2328 impetum
996 2247 1103 2310 valida:

258 2517 298 2568 11.
317 2528 389 2567 erore
407 2514 427 2567 si
446 2514 472 2565 in
488 2514 515 2567 C.
620 2518 659 2568 12.
677 2515 908 2584 Asciburgiumque
923 2515 977 2580 Ba,
995 2515 1105 2569 astibur·

188 2598 310 2667 giumque
329 2601 357 2664 i,
392 2614 505 2666 ceaapra
522 2603 534 2651 t
551 2601 697 2668 adscripsit
714 2603 737 2670 β,
755 2601 988 2670 Assibnrgiumque
1007 2602 1034 2654 0.

258 2685 298 2737 13.
316 2682 393 2736 hodie
409 2684 450 2737 Co.
508 2688 547 2739 14.
566 2686 776 2753 nominatumque
793 2688 851 2737 eine
869 2686 966 2739 laeana
977 2689 1000 2752 b,
1016 2687 1064 2738 red
1075 2688 1105 2737 in

187 2772 311 2834 margine
335 2768 408 2821 deest
426 2768 455 2838 β,
489 2769 699 2839 nominatumque
726 2789 881 2841 ασκιπυργιον
903 2770 926 2822 Β
951 2765 1106 2838 ἀσκιπὺργιον

190 2853 232 2906 Co.
302 2857 342 2909 15.
361 2852 439 2922 Vlyxi
454 2855 485 2920 li,
504 2854 592 2923 Vlyssi
604 2857 640 2918 (ss
656 2859 687 2907 in
699 2855 794 2922 lituro)
807 2859 830 2908 b.
902 2859 941 2910 16.
960 2870 991 2909 eo
1008 2856 1068 2909 loeo
1079 2856 1105 2909 0.

223 2942 323 3005 reperta
337 2955 359 2991 c.
394 2939 559 3008 monimitaq
579 2941 605 2994 C.
697 2942 736 2994 18.
753 2940 878 3011 thiqque
890 2943 921 3007 B,
939 2941 1070 3012 rqtiaeque
1084 2957 1105 2992 a.

189 3024 280 3093 retiqq;
298 3023 324 3089 0,
342 3022 490 3093 rhetiaeque
505 3025 531 3079 b.

257 3124 288 3194 4,
300 3127 323 3178 2.
336 3125 440 3194 populis
450 3125 491 3180 Cr.
516 3125 574 3178 eliis
585 3126 724 3179 delendum
731 3132 815 3194 potat
823 3127 939 3194 Lipsius.
957 3093 1105 3196 natiainiffi

191 3228 214 3278 i.
240 3227 376 3280 connubiis
385 3228 456 3283 iibri.
508 3231 533 3280 4.
549 3227 653 3281 habitus
671 3203 767 3297 a'ipori
780 3207 804 3298 ἃς
825 3229 850 3282 C.
909 3234 933 3284 5.
951 3245 1106 3298 quamquam

191 3345 214 3409 b,
226 3339 244 3412 q
254 3342 273 3412 q
285 3348 312 3395 et
321 3347 351 3396 in
362 3349 485 3412 margine
495 3345 527 3397 al‘
539 3345 601 3416 tanfq
609 3347 638 3411 B,
651 3346 706 3416 tifp
723 3347 749 3415 C,
762 3353 883 3417 tanquam
894 3353 920 3400 ei
928 3327 1075 3420 eupraiffi
1084 3366 1106 3404 o.

259 3480 283 3532 6.
302 3479 396 3549 cerulei
407 3481 434 3546 C,
452 3482 578 3550 retuleio,
596 3430 674 3536 cgrqelq
683 3483 715 3550 B,
734 3484 811 3537 ceruli
822 3487 845 3537 i.
916 3491 939 3540 t.
958 3490 984 3539 et
1001 3490 1069 3540 tami
1080 3487 1106 3541 0.
