<?xml version="1.0" encoding="UTF-8"?>
<!DOCTYPE html PUBLIC "-//W3C//DTD XHTML 1.0 Transitional//EN"
    "http://www.w3.org/TR/xhtml1/DTD/xhtml1-transitional.dtd">
<html xmlns="http://www.w3.org/1999/xhtml" xml:lang="en" lang="en">
 <head>
  <title>
</title>
<meta http-equiv="Content-Type" content="text/html;charset=utf-8" />
  <meta name='ocr-system' content='tesseract 3.04.00' />
  <meta name='ocr-capabilities' content='ocr_page ocr_carea ocr_par ocr_line ocrx_word'/>
</head>
<body>
  <div class='ocr_page' id='page_1' title='image "./germaniaantiqua00tacigoog_0075.png"; bbox 0 0 2560 4186; ppageno 0'>
   <div class='ocr_carea' id='block_1_1' title="bbox 273 228 916 290">
    <p class='ocr_par' dir='ltr' id='par_1_1' title="bbox 273 228 916 290">
     <span class='ocr_line' id='line_1_1' title="bbox 273 228 916 290; baseline -0.011 0"><span class='ocrx_word' id='word_1_1' title='bbox 273 228 314 290; x_wconf 86' lang='grc'>64</span> <span class='ocrx_word' id='word_1_2' title='bbox 545 243 564 286; x_wconf 81' lang='grc' dir='ltr'>ιι</span> <span class='ocrx_word' id='word_1_3' title='bbox 586 240 740 285; x_wconf 75' lang='grc' dir='ltr'>ενιιιοοινιε</span> <span class='ocrx_word' id='word_1_4' title='bbox 761 240 846 284; x_wconf 71' lang='lat' dir='ltr'><strong>Lumo</strong></span> <span class='ocrx_word' id='word_1_5' title='bbox 869 240 916 284; x_wconf 87' lang='grc' dir='ltr'>νιι.</span> 
     </span>
    </p>
   </div>
   <div class='ocr_carea' id='block_1_2' title="bbox 169 399 1270 3045">
    <p class='ocr_par' dir='ltr' id='par_1_2' title="bbox 195 399 1194 2158">
     <span class='ocr_line' id='line_1_2' title="bbox 272 399 1194 496; baseline -0.002 -24"><span class='ocrx_word' id='word_1_6' title='bbox 272 399 323 474; x_wconf 73' lang='grc' dir='ltr'>οὖν</span> <span class='ocrx_word' id='word_1_7' title='bbox 352 405 412 472; x_wconf 83' lang='grc' dir='ltr'>άπὸ</span> <span class='ocrx_word' id='word_1_8' title='bbox 439 413 502 470; x_wconf 90' lang='grc' dir='ltr'>τῶν</span> <span class='ocrx_word' id='word_1_9' title='bbox 524 405 715 496; x_wconf 63' lang='grc' dir='ltr'>Γερμανικῶν</span> <span class='ocrx_word' id='word_1_10' title='bbox 743 401 843 496; x_wconf 80' lang='grc' dir='ltr'>ἄκρων</span> <span class='ocrx_word' id='word_1_11' title='bbox 864 413 927 470; x_wconf 89' lang='grc' dir='ltr'>τῶν</span> <span class='ocrx_word' id='word_1_12' title='bbox 949 406 1091 495; x_wconf 82' lang='grc' dir='ltr'>ἑσπερίων</span> <span class='ocrx_word' id='word_1_13' title='bbox 1113 410 1194 496; x_wconf 82' lang='grc' dir='ltr'>πλή-</span> 
     </span>
     <span class='ocr_line' id='line_1_3' title="bbox 230 508 1194 606; baseline -0.002 -23"><span class='ocrx_word' id='word_1_14' title='bbox 230 542 255 583; x_wconf 79' lang='grc' dir='ltr'>ιι</span> <span class='ocrx_word' id='word_1_15' title='bbox 272 519 333 584; x_wconf 89' lang='grc' dir='ltr'>σίον</span> <span class='ocrx_word' id='word_1_16' title='bbox 355 510 390 582; x_wconf 81' lang='grc' dir='ltr'>δὲ</span> <span class='ocrx_word' id='word_1_17' title='bbox 410 518 462 582; x_wconf 87' lang='grc' dir='ltr'>καὶ</span> <span class='ocrx_word' id='word_1_18' title='bbox 483 523 540 581; x_wconf 91' lang='grc' dir='ltr'>τοῦ</span> <span class='ocrx_word' id='word_1_19' title='bbox 555 525 653 606; x_wconf 84' lang='grc' dir='ltr'>μυχοῦ</span> <span class='ocrx_word' id='word_1_20' title='bbox 673 524 730 581; x_wconf 88' lang='grc' dir='ltr'>τοῦ</span> <span class='ocrx_word' id='word_1_21' title='bbox 744 509 947 604; x_wconf 89' lang='grc' dir='ltr'>Ἀδριατικοῦ,</span> <span class='ocrx_word' id='word_1_22' title='bbox 970 508 1078 603; x_wconf 79' lang='grc' dir='ltr'>διέχων</span> <span class='ocrx_word' id='word_1_23' title='bbox 1093 515 1194 583; x_wconf 86' lang='grc' dir='ltr'>αὐτοῦ</span> 
     </span>
     <span class='ocr_line' id='line_1_4' title="bbox 270 620 1194 719; baseline 0 -27"><span class='ocrx_word' id='word_1_24' title='bbox 270 630 336 719; x_wconf 81' lang='grc' dir='ltr'>περὶ</span> <span class='ocrx_word' id='word_1_25' title='bbox 358 629 470 717; x_wconf 81' lang='grc' dir='ltr'>χιλίους</span> <span class='ocrx_word' id='word_1_26' title='bbox 491 620 647 704; x_wconf 79' lang='grc' dir='ltr'>σταδίους·</span> <span class='ocrx_word' id='word_1_27' title='bbox 670 632 803 712; x_wconf 76' lang='grc' dir='ltr'>τελευτᾷ</span> <span class='ocrx_word' id='word_1_28' title='bbox 824 620 855 690; x_wconf 89' lang='grc' dir='ltr'>δ’</span> <span class='ocrx_word' id='word_1_29' title='bbox 881 634 921 705; x_wconf 83' lang='grc' dir='ltr'>εἰς</span> <span class='ocrx_word' id='word_1_30' title='bbox 942 625 996 692; x_wconf 85' lang='grc' dir='ltr'>τὸν</span> <span class='ocrx_word' id='word_1_31' title='bbox 1011 625 1136 693; x_wconf 89' lang='grc' dir='ltr'>Πόντον</span> <span class='ocrx_word' id='word_1_32' title='bbox 1158 627 1194 694; x_wconf 84' lang='grc' dir='ltr'>οῦ</span> 
     </span>
     <span class='ocr_line' id='line_1_5' title="bbox 270 735 1193 828; baseline -0.001 -23"><span class='ocrx_word' id='word_1_33' title='bbox 270 740 349 806; x_wconf 77' lang='grc' dir='ltr'>πολὺ</span> <span class='ocrx_word' id='word_1_34' title='bbox 371 735 496 805; x_wconf 87' lang='grc' dir='ltr'>άτωθεν</span> <span class='ocrx_word' id='word_1_35' title='bbox 517 746 581 804; x_wconf 88' lang='grc' dir='ltr'>τῶν</span> <span class='ocrx_word' id='word_1_36' title='bbox 601 746 658 804; x_wconf 86' lang='grc' dir='ltr'>τοῦ</span> <span class='ocrx_word' id='word_1_37' title='bbox 673 735 758 828; x_wconf 81' lang='grc' dir='ltr'>Τύρα</span> <span class='ocrx_word' id='word_1_38' title='bbox 778 739 830 802; x_wconf 90' lang='grc' dir='ltr'>καὶ</span> <span class='ocrx_word' id='word_1_39' title='bbox 848 746 906 804; x_wconf 86' lang='grc' dir='ltr'>τοῦ</span> <span class='ocrx_word' id='word_1_40' title='bbox 921 738 1125 828; x_wconf 79' lang='grc' dir='ltr'>Βορυσθένους</span> <span class='ocrx_word' id='word_1_41' title='bbox 1140 742 1193 804; x_wconf 82' lang='grc' dir='ltr'>έκ-</span> 
     </span>
     <span class='ocr_line' id='line_1_6' title="bbox 270 843 1192 940; baseline 0 -26"><span class='ocrx_word' id='word_1_42' title='bbox 270 853 384 934; x_wconf 83' lang='grc' dir='ltr'>βολῶν,</span> <span class='ocrx_word' id='word_1_43' title='bbox 406 851 551 916; x_wconf 79' lang='grc' dir='ltr'>ἐκκλίνων</span> <span class='ocrx_word' id='word_1_44' title='bbox 572 874 634 925; x_wconf 87' lang='grc' dir='ltr'>πως</span> <span class='ocrx_word' id='word_1_45' title='bbox 656 846 727 938; x_wconf 86' lang='grc' dir='ltr'>πρὸς</span> <span class='ocrx_word' id='word_1_46' title='bbox 748 843 885 937; x_wconf 80' lang='grc' dir='ltr'>ἄρκτους.</span> <span class='ocrx_word' id='word_1_47' title='bbox 927 846 1115 940; x_wconf 77' lang='grc' dir='ltr'>προσάρκτια</span> <span class='ocrx_word' id='word_1_48' title='bbox 1137 850 1192 940; x_wconf 88' lang='grc' dir='ltr'>μὲν</span> 
     </span>
     <span class='ocr_line' id='line_1_7' title="bbox 271 953 1191 1051; baseline 0.001 -25"><span class='ocrx_word' id='word_1_49' title='bbox 271 953 323 1026; x_wconf 80' lang='grc' dir='ltr'>οὖν</span> <span class='ocrx_word' id='word_1_50' title='bbox 344 964 411 1026; x_wconf 87' lang='grc' dir='ltr'>έστι</span> <span class='ocrx_word' id='word_1_51' title='bbox 431 968 478 1044; x_wconf 80' lang='grc' dir='ltr'>τῷ</span> <span class='ocrx_word' id='word_1_52' title='bbox 490 957 596 1050; x_wconf 87' lang='grc' dir='ltr'>Ἴστρῳ</span> <span class='ocrx_word' id='word_1_53' title='bbox 607 958 656 1044; x_wconf 68' lang='grc' dir='ltr'>ζτά</span> <span class='ocrx_word' id='word_1_54' title='bbox 670 959 762 1048; x_wconf 83' lang='grc' dir='ltr'>πέραν</span> <span class='ocrx_word' id='word_1_55' title='bbox 776 966 833 1024; x_wconf 91' lang='grc' dir='ltr'>τοῦ</span> <span class='ocrx_word' id='word_1_56' title='bbox 846 957 958 1050; x_wconf 91' lang='grc' dir='ltr'>Ῥήνου</span> <span class='ocrx_word' id='word_1_57' title='bbox 973 962 1093 1051; x_wconf 78' lang='grc' dir='ltr'>καὶτῆς</span> <span class='ocrx_word' id='word_1_58' title='bbox 1107 962 1191 1027; x_wconf 90' lang='grc' dir='ltr'>Κελ-</span> 
     </span>
     <span class='ocr_line' id='line_1_8' title="bbox 227 1065 1192 1162; baseline 0.001 -27"><span class='ocrx_word' id='word_1_59' title='bbox 227 1079 370 1162; x_wconf 70' lang='grc' dir='ltr'>ιοτικής·</span> <span class='ocrx_word' id='word_1_60' title='bbox 398 1078 502 1137; x_wconf 87' lang='grc' dir='ltr'>ταῦτα</span> <span class='ocrx_word' id='word_1_61' title='bbox 524 1065 554 1136; x_wconf 89' lang='grc' dir='ltr'>δ’</span> <span class='ocrx_word' id='word_1_62' title='bbox 579 1073 645 1142; x_wconf 79' lang='grc' dir='ltr'>ἐστὶ</span> <span class='ocrx_word' id='word_1_63' title='bbox 671 1068 715 1134; x_wconf 88' lang='grc' dir='ltr'>τά</span> <span class='ocrx_word' id='word_1_64' title='bbox 735 1094 772 1137; x_wconf 88' lang='grc' dir='ltr'>τε</span> <span class='ocrx_word' id='word_1_65' title='bbox 793 1069 957 1140; x_wconf 79' lang='grc' dir='ltr'>Γαλατικὰ</span> <span class='ocrx_word' id='word_1_66' title='bbox 977 1077 1051 1161; x_wconf 76' lang='grc' dir='ltr'>ἔθνη</span> <span class='ocrx_word' id='word_1_67' title='bbox 1073 1074 1127 1136; x_wconf 89' lang='grc' dir='ltr'>καὶ</span> <span class='ocrx_word' id='word_1_68' title='bbox 1148 1070 1192 1136; x_wconf 85' lang='grc' dir='ltr'>τά</span> 
     </span>
     <span class='ocr_line' id='line_1_9' title="bbox 269 1179 1191 1272; baseline 0 -26"><span class='ocrx_word' id='word_1_69' title='bbox 269 1179 440 1272; x_wconf 85' lang='grc' dir='ltr'>Γερμανικά</span> <span class='ocrx_word' id='word_1_70' title='bbox 467 1183 554 1272; x_wconf 86' lang='grc' dir='ltr'>μέχρι</span> <span class='ocrx_word' id='word_1_71' title='bbox 574 1181 757 1271; x_wconf 88' lang='grc' dir='ltr'>Βασταρνῶν</span> <span class='ocrx_word' id='word_1_72' title='bbox 784 1182 836 1246; x_wconf 86' lang='grc' dir='ltr'>καὶ</span> <span class='ocrx_word' id='word_1_73' title='bbox 858 1180 1036 1272; x_wconf 86' lang='grc' dir='ltr'>Τυρεγετῶν</span> <span class='ocrx_word' id='word_1_74' title='bbox 1058 1185 1111 1248; x_wconf 91' lang='grc' dir='ltr'>καὶ</span> <span class='ocrx_word' id='word_1_75' title='bbox 1133 1190 1191 1249; x_wconf 87' lang='grc' dir='ltr'>τοῦ</span> 
     </span>
     <span class='ocr_line' id='line_1_10' title="bbox 250 1275 1190 1382; baseline -0.001 -23"><span class='ocrx_word' id='word_1_76' title='bbox 250 1275 254 1290; x_wconf 60' lang='grc'><strong>’</strong></span> <span class='ocrx_word' id='word_1_77' title='bbox 267 1275 411 1382; x_wconf 77' lang='grc' dir='ltr'>ποταμοῦ</span> <span class='ocrx_word' id='word_1_78' title='bbox 425 1300 482 1357; x_wconf 90' lang='grc' dir='ltr'>τοῦ</span> <span class='ocrx_word' id='word_1_79' title='bbox 496 1291 709 1382; x_wconf 76' lang='grc' dir='ltr'>Βορυσθένους,</span> <span class='ocrx_word' id='word_1_80' title='bbox 732 1294 784 1356; x_wconf 87' lang='grc' dir='ltr'>καὶ</span> <span class='ocrx_word' id='word_1_81' title='bbox 804 1289 861 1360; x_wconf 84' lang='grc' dir='ltr'>ὅσα</span> <span class='ocrx_word' id='word_1_82' title='bbox 875 1287 992 1382; x_wconf 78' lang='grc' dir='ltr'>μεταξὺ</span> <span class='ocrx_word' id='word_1_83' title='bbox 1006 1291 1124 1360; x_wconf 81' lang='grc' dir='ltr'>τούτου</span> <span class='ocrx_word' id='word_1_84' title='bbox 1139 1296 1190 1360; x_wconf 90' lang='grc' dir='ltr'>καὶ</span> 
     </span>
     <span class='ocr_line' id='line_1_11' title="bbox 195 1392 1189 1496; baseline -0.001 -26"><span class='ocrx_word' id='word_1_85' title='bbox 195 1392 196 1395; x_wconf 19' lang='lat'>¹</span> <span class='ocrx_word' id='word_1_86' title='bbox 269 1397 419 1481; x_wconf 79' lang='grc' dir='ltr'>Τανάιδος</span> <span class='ocrx_word' id='word_1_87' title='bbox 440 1405 492 1470; x_wconf 89' lang='grc' dir='ltr'>καὶ</span> <span class='ocrx_word' id='word_1_88' title='bbox 511 1411 568 1469; x_wconf 95' lang='grc' dir='ltr'>τοῦ</span> <span class='ocrx_word' id='word_1_89' title='bbox 590 1400 743 1493; x_wconf 87' lang='grc' dir='ltr'>στόματος</span> <span class='ocrx_word' id='word_1_90' title='bbox 764 1410 819 1494; x_wconf 70' lang='grc' dir='ltr'>τῆς</span> <span class='ocrx_word' id='word_1_91' title='bbox 832 1397 1007 1481; x_wconf 79' lang='grc' dir='ltr'>Μαιώτιδος</span> <span class='ocrx_word' id='word_1_92' title='bbox 1026 1409 1066 1481; x_wconf 84' lang='grc' dir='ltr'>είς</span> <span class='ocrx_word' id='word_1_93' title='bbox 1080 1429 1118 1471; x_wconf 88' lang='grc' dir='ltr'>τε</span> <span class='ocrx_word' id='word_1_94' title='bbox 1133 1404 1189 1496; x_wconf 81' lang='grc' dir='ltr'>τήν</span> 
     </span>
     <span class='ocr_line' id='line_1_12' title="bbox 269 1512 1189 1610; baseline 0 -29"><span class='ocrx_word' id='word_1_95' title='bbox 269 1513 435 1605; x_wconf 84' lang='grc' dir='ltr'>μεσόγαιαν</span> <span class='ocrx_word' id='word_1_96' title='bbox 457 1513 607 1579; x_wconf 85' lang='grc' dir='ltr'>ἀνατείνει</span> <span class='ocrx_word' id='word_1_97' title='bbox 628 1515 715 1604; x_wconf 86' lang='grc' dir='ltr'>μέχρι</span> <span class='ocrx_word' id='word_1_98' title='bbox 735 1522 792 1579; x_wconf 88' lang='grc' dir='ltr'>τοῦ</span> <span class='ocrx_word' id='word_1_99' title='bbox 814 1512 950 1580; x_wconf 79' lang='grc' dir='ltr'>ὠκεανοῦ</span> <span class='ocrx_word' id='word_1_100' title='bbox 971 1517 1024 1580; x_wconf 87' lang='grc' dir='ltr'>καὶ</span> <span class='ocrx_word' id='word_1_101' title='bbox 1045 1523 1086 1610; x_wconf 73' lang='grc' dir='ltr'>τῇ</span> <span class='ocrx_word' id='word_1_102' title='bbox 1105 1516 1189 1582; x_wconf 94' lang='grc' dir='ltr'>Πον-</span> 
     </span>
     <span class='ocr_line' id='line_1_13' title="bbox 226 1619 1189 1721; baseline 0.005 -33"><span class='ocrx_word' id='word_1_103' title='bbox 226 1645 251 1688; x_wconf 74' lang='grc' dir='ltr'>ιε</span> <span class='ocrx_word' id='word_1_104' title='bbox 268 1633 339 1721; x_wconf 75' lang='grc' dir='ltr'>τικῇ</span> <span class='ocrx_word' id='word_1_105' title='bbox 361 1620 506 1705; x_wconf 75' lang='grc' dir='ltr'>κλιίζεται</span> <span class='ocrx_word' id='word_1_106' title='bbox 526 1622 689 1719; x_wconf 60' lang='grc' dir='ltr'>θαλάττῃ·</span> <span class='ocrx_word' id='word_1_107' title='bbox 712 1623 896 1715; x_wconf 80' lang='grc' dir='ltr'>μεσημβρινὰ</span> <span class='ocrx_word' id='word_1_108' title='bbox 918 1619 952 1690; x_wconf 84' lang='grc' dir='ltr'>δὲ</span> <span class='ocrx_word' id='word_1_109' title='bbox 973 1623 1016 1689; x_wconf 91' lang='grc' dir='ltr'>τά</span> <span class='ocrx_word' id='word_1_110' title='bbox 1037 1650 1074 1691; x_wconf 86' lang='grc' dir='ltr'>τε</span> <span class='ocrx_word' id='word_1_111' title='bbox 1089 1625 1189 1692; x_wconf 91' lang='grc' dir='ltr'>Ἰλλυ-</span> 
     </span>
     <span class='ocr_line' id='line_1_14' title="bbox 269 1733 1189 1830; baseline 0.002 -28"><span class='ocrx_word' id='word_1_112' title='bbox 269 1736 337 1830; x_wconf 85' lang='grc' dir='ltr'>ρικά</span> <span class='ocrx_word' id='word_1_113' title='bbox 358 1739 410 1801; x_wconf 88' lang='grc' dir='ltr'>καὶ</span> <span class='ocrx_word' id='word_1_114' title='bbox 431 1734 473 1800; x_wconf 79' lang='grc' dir='ltr'>τά</span> <span class='ocrx_word' id='word_1_115' title='bbox 487 1734 608 1825; x_wconf 73' lang='grc' dir='ltr'>Θρᾴκια</span> <span class='ocrx_word' id='word_1_116' title='bbox 630 1738 682 1800; x_wconf 85' lang='grc' dir='ltr'>καὶ</span> <span class='ocrx_word' id='word_1_117' title='bbox 699 1733 755 1801; x_wconf 87' lang='grc' dir='ltr'>ὅσα</span> <span class='ocrx_word' id='word_1_118' title='bbox 770 1734 891 1813; x_wconf 79' lang='grc' dir='ltr'>τούτοις</span> <span class='ocrx_word' id='word_1_119' title='bbox 905 1734 1112 1826; x_wconf 72' lang='grc' dir='ltr'>ἀναμέμικται</span> <span class='ocrx_word' id='word_1_120' title='bbox 1126 1745 1189 1804; x_wconf 90' lang='grc' dir='ltr'>τῶν</span> 
     </span>
     <span class='ocr_line' id='line_1_15' title="bbox 268 1840 1188 1939; baseline -0.002 -24"><span class='ocrx_word' id='word_1_121' title='bbox 268 1850 427 1916; x_wconf 84' lang='grc' dir='ltr'>Κελτικῶν</span> <span class='ocrx_word' id='word_1_122' title='bbox 448 1843 468 1936; x_wconf 89' lang='grc' dir='ltr'>ή</span> <span class='ocrx_word' id='word_1_123' title='bbox 490 1871 580 1911; x_wconf 88' lang='grc' dir='ltr'>τινων</span> <span class='ocrx_word' id='word_1_124' title='bbox 596 1843 707 1929; x_wconf 87' lang='grc' dir='ltr'>άλλων,</span> <span class='ocrx_word' id='word_1_125' title='bbox 729 1847 815 1936; x_wconf 86' lang='grc' dir='ltr'>μέχρι</span> <span class='ocrx_word' id='word_1_126' title='bbox 828 1853 883 1936; x_wconf 76' lang='grc' dir='ltr'>τῆς</span> <span class='ocrx_word' id='word_1_127' title='bbox 896 1840 1055 1924; x_wconf 77' lang='grc' dir='ltr'>Ἑλλάδος.</span> <span class='ocrx_word' id='word_1_128' title='bbox 1089 1849 1188 1939; x_wconf 84' lang='grc' dir='ltr'>λέγω·</span> 
     </span>
     <span class='ocr_line' id='line_1_16' title="bbox 269 1952 1188 2050; baseline 0.001 -27"><span class='ocrx_word' id='word_1_129' title='bbox 269 1984 323 2049; x_wconf 88' lang='grc' dir='ltr'>μεν</span> <span class='ocrx_word' id='word_1_130' title='bbox 345 1952 379 2024; x_wconf 85' lang='grc' dir='ltr'>δὲ</span> <span class='ocrx_word' id='word_1_131' title='bbox 399 1964 519 2047; x_wconf 90' lang='grc' dir='ltr'>πρῶτον</span> <span class='ocrx_word' id='word_1_132' title='bbox 539 1959 605 2049; x_wconf 85' lang='grc' dir='ltr'>περὶ</span> <span class='ocrx_word' id='word_1_133' title='bbox 627 1965 690 2022; x_wconf 91' lang='grc' dir='ltr'>τῶν</span> <span class='ocrx_word' id='word_1_134' title='bbox 708 1956 795 2034; x_wconf 81' lang='grc' dir='ltr'>ἐκτὸς</span> <span class='ocrx_word' id='word_1_135' title='bbox 809 1964 866 2024; x_wconf 90' lang='grc' dir='ltr'>τοῦ</span> <span class='ocrx_word' id='word_1_136' title='bbox 878 1953 1012 2048; x_wconf 87' lang='grc' dir='ltr'>Ἴστρου·</span> <span class='ocrx_word' id='word_1_137' title='bbox 1034 1958 1115 2023; x_wconf 83' lang='grc' dir='ltr'>πολὺ</span> <span class='ocrx_word' id='word_1_138' title='bbox 1130 1959 1188 2050; x_wconf 79' lang='grc' dir='ltr'>γάρ</span> 
     </span>
     <span class='ocr_line' id='line_1_17' title="bbox 270 2065 985 2158; baseline -0.007 -22"><span class='ocrx_word' id='word_1_139' title='bbox 270 2067 461 2158; x_wconf 80' lang='grc' dir='ltr'>ἁπλούστερα</span> <span class='ocrx_word' id='word_1_140' title='bbox 482 2075 545 2133; x_wconf 91' lang='grc' dir='ltr'>τῶν</span> <span class='ocrx_word' id='word_1_141' title='bbox 567 2070 617 2133; x_wconf 75' lang='grc' dir='ltr'>ἐπὶ</span> <span class='ocrx_word' id='word_1_142' title='bbox 637 2065 756 2157; x_wconf 88' lang='grc' dir='ltr'>θάτερα</span> <span class='ocrx_word' id='word_1_143' title='bbox 777 2075 873 2158; x_wconf 80' lang='grc' dir='ltr'>μερῶν</span> <span class='ocrx_word' id='word_1_144' title='bbox 895 2069 985 2132; x_wconf 77' lang='grc' dir='ltr'>ἐστιν.</span> 
     </span>
    </p>

    <p class='ocr_par' dir='ltr' id='par_1_3' title="bbox 169 2176 1270 2601">
     <span class='ocr_line' id='line_1_18' title="bbox 169 2176 1270 2294; baseline 0.004 -52"><span class='ocrx_word' id='word_1_145' title='bbox 169 2176 252 2294; x_wconf 58' lang='lat' dir='ltr'><strong>P=29g</strong></span> <span class='ocrx_word' id='word_1_146' title='bbox 331 2177 434 2254; x_wconf 80' lang='grc' dir='ltr'>Εὐθὺς</span> <span class='ocrx_word' id='word_1_147' title='bbox 461 2179 563 2243; x_wconf 88' lang='grc' dir='ltr'>τοίνυν</span> <span class='ocrx_word' id='word_1_148' title='bbox 590 2177 633 2242; x_wconf 83' lang='grc' dir='ltr'>τοὶ</span> <span class='ocrx_word' id='word_1_149' title='bbox 659 2178 750 2267; x_wconf 85' lang='grc' dir='ltr'>πέραν</span> <span class='ocrx_word' id='word_1_150' title='bbox 782 2185 839 2243; x_wconf 88' lang='grc' dir='ltr'>τοῦ</span> <span class='ocrx_word' id='word_1_151' title='bbox 865 2176 978 2269; x_wconf 92' lang='grc' dir='ltr'>Ῥήνου</span> <span class='ocrx_word' id='word_1_152' title='bbox 1006 2177 1087 2268; x_wconf 83' lang='grc' dir='ltr'>μετά</span> <span class='ocrx_word' id='word_1_153' title='bbox 1116 2179 1187 2258; x_wconf 85' lang='grc' dir='ltr'>τοῦς</span> <span class='ocrx_word' id='word_1_154' title='bbox 1269 2191 1270 2229; x_wconf 69' lang='grc' dir='ltr'>ί</span> 
     </span>
     <span class='ocr_line' id='line_1_19' title="bbox 269 2287 1269 2384; baseline 0.001 -29"><span class='ocrx_word' id='word_1_155' title='bbox 269 2287 406 2366; x_wconf 80' lang='grc' dir='ltr'>Κελτοὺς</span> <span class='ocrx_word' id='word_1_156' title='bbox 435 2287 506 2377; x_wconf 86' lang='grc' dir='ltr'>πρὸς</span> <span class='ocrx_word' id='word_1_157' title='bbox 534 2287 591 2377; x_wconf 83' lang='grc' dir='ltr'>τήν</span> <span class='ocrx_word' id='word_1_158' title='bbox 617 2288 658 2352; x_wconf 86' lang='grc' dir='ltr'>ἕω</span> <span class='ocrx_word' id='word_1_159' title='bbox 683 2289 846 2378; x_wconf 77' lang='grc' dir='ltr'>κεκλιμένα</span> <span class='ocrx_word' id='word_1_160' title='bbox 866 2290 1014 2378; x_wconf 83' lang='grc' dir='ltr'>Γερμανοὶ</span> <span class='ocrx_word' id='word_1_161' title='bbox 1035 2290 1187 2379; x_wconf 63' lang='grc' dir='ltr'>νέμονται,</span> <span class='ocrx_word' id='word_1_162' title='bbox 1268 2319 1269 2384; x_wconf 64' lang='grc' dir='ltr'>χ</span> 
     </span>
     <span class='ocr_line' id='line_1_20' title="bbox 269 2394 1187 2492; baseline 0.003 -27"><span class='ocrx_word' id='word_1_163' title='bbox 269 2398 373 2492; x_wconf 83' lang='grc' dir='ltr'>μικρὸν</span> <span class='ocrx_word' id='word_1_164' title='bbox 394 2394 636 2477; x_wconf 75' lang='grc' dir='ltr'>ἐξαλλάττοντες</span> <span class='ocrx_word' id='word_1_165' title='bbox 650 2407 707 2464; x_wconf 91' lang='grc' dir='ltr'>τοῦ</span> <span class='ocrx_word' id='word_1_166' title='bbox 721 2399 875 2465; x_wconf 84' lang='grc' dir='ltr'>Κελτικοῦ</span> <span class='ocrx_word' id='word_1_167' title='bbox 890 2397 986 2488; x_wconf 82' lang='grc' dir='ltr'>φῦλου</span> <span class='ocrx_word' id='word_1_168' title='bbox 1000 2407 1047 2482; x_wconf 80' lang='grc' dir='ltr'>τῶ</span> <span class='ocrx_word' id='word_1_169' title='bbox 1062 2425 1099 2466; x_wconf 89' lang='grc' dir='ltr'>τε</span> <span class='ocrx_word' id='word_1_170' title='bbox 1113 2407 1187 2468; x_wconf 86' lang='grc' dir='ltr'>πλε-</span> 
     </span>
     <span class='ocr_line' id='line_1_21' title="bbox 270 2502 1186 2601; baseline 0.001 -25"><span class='ocrx_word' id='word_1_171' title='bbox 270 2518 390 2600; x_wconf 84' lang='grc' dir='ltr'>ονασμῷ</span> <span class='ocrx_word' id='word_1_172' title='bbox 407 2517 461 2601; x_wconf 73' lang='grc' dir='ltr'>τῆς</span> <span class='ocrx_word' id='word_1_173' title='bbox 476 2502 656 2600; x_wconf 75' lang='grc' dir='ltr'>ἀγριότητος</span> <span class='ocrx_word' id='word_1_174' title='bbox 670 2511 722 2575; x_wconf 83' lang='grc' dir='ltr'>καὶ</span> <span class='ocrx_word' id='word_1_175' title='bbox 736 2517 794 2576; x_wconf 89' lang='grc' dir='ltr'>τοῦ</span> <span class='ocrx_word' id='word_1_176' title='bbox 809 2511 955 2600; x_wconf 76' lang='grc' dir='ltr'>μεγέθους</span> <span class='ocrx_word' id='word_1_177' title='bbox 969 2512 1022 2574; x_wconf 87' lang='grc' dir='ltr'>καὶ</span> <span class='ocrx_word' id='word_1_178' title='bbox 1039 2517 1096 2601; x_wconf 76' lang='grc' dir='ltr'>τής</span> <span class='ocrx_word' id='word_1_179' title='bbox 1117 2507 1186 2590; x_wconf 85' lang='grc' dir='ltr'>ξαν-</span> 
     </span>
    </p>

    <p class='ocr_par' dir='ltr' id='par_1_4' title="bbox 240 2599 1267 3045">
     <span class='ocr_line' id='line_1_22' title="bbox 240 2613 1186 2714; baseline -0.002 -24"><span class='ocrx_word' id='word_1_180' title='bbox 240 2649 252 2690; x_wconf 73' lang='grc' dir='ltr'>ιι</span> <span class='ocrx_word' id='word_1_181' title='bbox 269 2622 412 2714; x_wconf 76' lang='grc' dir='ltr'>θότιρτος,</span> <span class='ocrx_word' id='word_1_182' title='bbox 435 2613 537 2686; x_wconf 81' lang='grc' dir='ltr'>τᾶλλα</span> <span class='ocrx_word' id='word_1_183' title='bbox 559 2614 593 2686; x_wconf 86' lang='grc' dir='ltr'>δὲ</span> <span class='ocrx_word' id='word_1_184' title='bbox 611 2619 814 2713; x_wconf 75' lang='grc' dir='ltr'>παραπλήσιοι</span> <span class='ocrx_word' id='word_1_185' title='bbox 828 2623 880 2686; x_wconf 81' lang='grc' dir='ltr'>καὶ</span> <span class='ocrx_word' id='word_1_186' title='bbox 894 2632 1017 2711; x_wconf 81' lang='grc' dir='ltr'>μορφαῖς</span> <span class='ocrx_word' id='word_1_187' title='bbox 1031 2623 1084 2686; x_wconf 87' lang='grc' dir='ltr'>καὶ</span> <span class='ocrx_word' id='word_1_188' title='bbox 1097 2618 1186 2713; x_wconf 88' lang='grc' dir='ltr'>ήθεσι</span> 
     </span>
     <span class='ocr_line' id='line_1_23' title="bbox 268 2725 1266 2854; baseline 0 -56"><span class='ocrx_word' id='word_1_189' title='bbox 268 2734 321 2798; x_wconf 85' lang='grc' dir='ltr'>καὶ</span> <span class='ocrx_word' id='word_1_190' title='bbox 343 2733 415 2817; x_wconf 88' lang='grc' dir='ltr'>βίοις</span> <span class='ocrx_word' id='word_1_191' title='bbox 437 2728 529 2814; x_wconf 81' lang='grc' dir='ltr'>ὄντες,</span> <span class='ocrx_word' id='word_1_192' title='bbox 552 2735 630 2808; x_wconf 84' lang='grc' dir='ltr'>οἵους</span> <span class='ocrx_word' id='word_1_193' title='bbox 644 2729 801 2823; x_wconf 89' lang='grc' dir='ltr'>εἰρήκαμεν</span> <span class='ocrx_word' id='word_1_194' title='bbox 815 2729 887 2808; x_wconf 84' lang='grc' dir='ltr'>τοῦς</span> <span class='ocrx_word' id='word_1_195' title='bbox 901 2730 1047 2808; x_wconf 78' lang='grc' dir='ltr'>Κελτούς.</span> <span class='ocrx_word' id='word_1_196' title='bbox 1085 2725 1184 2825; x_wconf 79' lang='grc' dir='ltr'>διὸδή</span> <span class='ocrx_word' id='word_1_197' title='bbox 1265 2765 1266 2854; x_wconf 68' lang='grc' dir='ltr'>φ</span> 
     </span>
     <span class='ocr_line' id='line_1_24' title="bbox 268 2836 1183 2932; baseline -0.001 -23"><span class='ocrx_word' id='word_1_198' title='bbox 268 2845 320 2909; x_wconf 93' lang='grc' dir='ltr'>καί</span> <span class='ocrx_word' id='word_1_199' title='bbox 342 2868 394 2932; x_wconf 92' lang='grc' dir='ltr'>μοι</span> <span class='ocrx_word' id='word_1_200' title='bbox 414 2836 536 2908; x_wconf 88' lang='grc' dir='ltr'>δοκοῦσι</span> <span class='ocrx_word' id='word_1_201' title='bbox 555 2841 706 2932; x_wconf 81' lang='grc' dir='ltr'>Ῥωμαῖοι</span> <span class='ocrx_word' id='word_1_202' title='bbox 727 2851 823 2910; x_wconf 90' lang='grc' dir='ltr'>τοῦτο</span> <span class='ocrx_word' id='word_1_203' title='bbox 845 2841 948 2919; x_wconf 83' lang='grc' dir='ltr'>αὐτοῖς</span> <span class='ocrx_word' id='word_1_204' title='bbox 975 2841 1090 2908; x_wconf 79' lang='grc' dir='ltr'>θέσθαι</span> <span class='ocrx_word' id='word_1_205' title='bbox 1111 2841 1183 2910; x_wconf 83' lang='grc' dir='ltr'>τοῦ-</span> 
     </span>
     <span class='ocr_line' id='line_1_25' title="bbox 269 2948 1183 3045; baseline -0.002 -25"><span class='ocrx_word' id='word_1_206' title='bbox 269 2979 346 3044; x_wconf 87' lang='grc' dir='ltr'>νομα</span> <span class='ocrx_word' id='word_1_207' title='bbox 372 2953 411 3031; x_wconf 89' lang='grc' dir='ltr'>ῶς</span> <span class='ocrx_word' id='word_1_208' title='bbox 439 2949 476 3019; x_wconf 84' lang='grc' dir='ltr'>άν</span> <span class='ocrx_word' id='word_1_209' title='bbox 503 2954 640 3045; x_wconf 78' lang='grc' dir='ltr'>γνησίους</span> <span class='ocrx_word' id='word_1_210' title='bbox 667 2953 693 3017; x_wconf 94' lang='grc' dir='ltr'><strong>Γ</strong></span> <span class='ocrx_word' id='word_1_211' title='bbox 695 2951 813 3031; x_wconf 90' lang='grc' dir='ltr'>αάλτας</span> <span class='ocrx_word' id='word_1_212' title='bbox 840 2948 959 3044; x_wconf 77' lang='grc' dir='ltr'>φράζειν</span> <span class='ocrx_word' id='word_1_213' title='bbox 991 2951 1183 3043; x_wconf 87' lang='grc' dir='ltr'>βουλόμενοι·</span> 
     </span>
    </p>
   </div>
   <div class='ocr_carea' id='block_1_3' title="bbox 270 3254 1181 3609">
    <p class='ocr_par' dir='ltr' id='par_1_5' title="bbox 270 3254 1181 3516">
     <span class='ocr_line' id='line_1_26' title="bbox 339 3254 1180 3331; baseline 0.001 -17"><span class='ocrx_word' id='word_1_214' title='bbox 339 3263 379 3316; x_wconf 88' lang='grc'>16.</span> <span class='ocrx_word' id='word_1_215' title='bbox 397 3260 487 3331; x_wconf 85' lang='grc' dir='ltr'>χιλίους</span> <span class='ocrx_word' id='word_1_216' title='bbox 503 3261 544 3313; x_wconf 75' lang='grc' dir='ltr'>καὶ</span> <span class='ocrx_word' id='word_1_217' title='bbox 560 3260 697 3320; x_wconf 83' lang='grc' dir='ltr'>διακοσίους</span> <span class='ocrx_word' id='word_1_218' title='bbox 713 3254 756 3328; x_wconf 83' lang='grc' dir='ltr'>(ά)</span> <span class='ocrx_word' id='word_1_219' title='bbox 777 3260 881 3328; x_wconf 70' lang='lat' dir='ltr'><strong><em>coruos,</em></strong></span> <span class='ocrx_word' id='word_1_220' title='bbox 904 3259 1092 3315; x_wconf 69' lang='lat' dir='ltr'>Groskurdim.</span> <span class='ocrx_word' id='word_1_221' title='bbox 1110 3260 1145 3324; x_wconf 79' lang='lat' dir='ltr'>es.</span> <span class='ocrx_word' id='word_1_222' title='bbox 1152 3278 1180 3330; x_wconf 87' lang='lat' dir='ltr'>p.</span> 
     </span>
     <span class='ocr_line' id='line_1_27' title="bbox 270 3353 1181 3426; baseline -0.003 -17"><span class='ocrx_word' id='word_1_223' title='bbox 270 3358 329 3411; x_wconf 75' lang='lat'>314.</span> <span class='ocrx_word' id='word_1_224' title='bbox 439 3357 481 3410; x_wconf 78' lang='lat'>21.</span> <span class='ocrx_word' id='word_1_225' title='bbox 498 3353 647 3425; x_wconf 80' lang='grc' dir='ltr'>τυρρεγετῶν</span> <span class='ocrx_word' id='word_1_226' title='bbox 663 3354 695 3408; x_wconf 86' lang='lat' dir='ltr'>B.</span> <span class='ocrx_word' id='word_1_227' title='bbox 808 3356 850 3409; x_wconf 77' lang='lat'>27.</span> <span class='ocrx_word' id='word_1_228' title='bbox 866 3353 969 3424; x_wconf 78' lang='grc' dir='ltr'>λέγομεν</span> <span class='ocrx_word' id='word_1_229' title='bbox 985 3353 1057 3421; x_wconf 73' lang='lat' dir='ltr'><strong><em>libri,</em></strong></span> <span class='ocrx_word' id='word_1_230' title='bbox 1074 3353 1181 3426; x_wconf 79' lang='grc' dir='ltr'>λέγοιμεν</span> 
     </span>
     <span class='ocr_line' id='line_1_28' title="bbox 271 3447 622 3516; baseline 0.003 -16"><span class='ocrx_word' id='word_1_231' title='bbox 271 3449 449 3516; x_wconf 66' lang='lat' dir='ltr'>(lambortus,</span> <span class='ocrx_word' id='word_1_232' title='bbox 466 3447 622 3501; x_wconf 69' lang='lat' dir='ltr'><strong><em>Moineln&#39;m.</em></strong></span> 
     </span>
    </p>

    <p class='ocr_par' dir='ltr' id='par_1_6' title="bbox 338 3534 871 3609">
     <span class='ocr_line' id='line_1_29' title="bbox 338 3534 871 3609; baseline 0.002 -15"><span class='ocrx_word' id='word_1_233' title='bbox 338 3544 362 3609; x_wconf 81' lang='lat'>2,</span> <span class='ocrx_word' id='word_1_234' title='bbox 379 3544 405 3597; x_wconf 86' lang='grc'>6.</span> <span class='ocrx_word' id='word_1_235' title='bbox 422 3537 450 3594; x_wconf 64' lang='grc' dir='ltr'>δή</span> <span class='ocrx_word' id='word_1_236' title='bbox 469 3542 511 3595; x_wconf 81' lang='grc' dir='ltr'>κοιλ</span> <span class='ocrx_word' id='word_1_237' title='bbox 527 3540 683 3608; x_wconf 56' lang='lat' dir='ltr'>Memfim,</span> <span class='ocrx_word' id='word_1_238' title='bbox 701 3534 783 3593; x_wconf 82' lang='grc' dir='ltr'>δίκαιά</span> <span class='ocrx_word' id='word_1_239' title='bbox 800 3539 871 3595; x_wconf 73' lang='lat' dir='ltr'><em>libri.</em></span> 
     </span>
    </p>
   </div>
   <div class='ocr_carea' id='block_1_4' title="bbox 0 0 1284 4186">
    <p class='ocr_par' dir='ltr' id='par_1_7' title="bbox 0 0 1284 4186">
     <span class='ocr_line' id='line_1_30' title="bbox 0 0 1284 4186; baseline 0 5"><span class='ocrx_word' id='word_1_240' title='bbox 0 0 1284 4186; x_wconf 95' lang='lat' dir='ltr'> </span> 
     </span>
    </p>
   </div>
  </div>
 </body>
</html>
