2560 4186
243 225 283 290 28
575 243 710 286 connnnrr
732 243 827 286 racrrr

242 413 399 482 incohent,
440 431 502 474 aon
536 413 576 474 ita
610 411 709 474 effusis
741 429 785 510 ac
808 410 988 493 palustribus
1020 411 1095 474 locis
1127 423 1163 475 ut

241 532 357 586 ceterae
385 523 515 586 civitates
544 523 574 584 in
603 540 676 602 quas
699 522 854 584 Germania
878 522 1017 602 patescit:
1050 522 1163 585 durant
1246 529 1251 534 ’

241 635 386 714 siquidem
408 633 513 706 colles,
537 631 675 713 paulatim
698 641 867 707 rarescunt,
895 642 925 694 ot
947 633 1068 696 Chattos
1090 653 1163 696 suos
1269 691 1271 696 .

211 745 332 807 ssaltus
363 743 531 824 Hercynius
564 743 755 824 prosequitur
786 743 874 805 simul
906 753 994 823 atque
1027 744 1162 826 deponit.

241 854 362 916 duriora
395 855 476 936 genti
507 872 651 934 corpora,
684 853 778 915 stricti
807 864 902 928 artus,
936 855 1036 916 minax
1064 855 1162 917 vultus

241 974 271 1027 et
292 965 386 1026 maior
407 965 497 1026 animi
519 965 612 1043 vigor.
654 963 794 1038 multum,
825 971 859 1025 ut
885 964 965 1027 inter
986 965 1161 1040 Germanos,

240 1076 364 1138 rationis
400 1095 434 1137 ac
470 1075 632 1138 sollertiae:
670 1091 858 1155 praeponere
895 1075 1019 1152 electos,
1057 1077 1161 1139 audire

240 1187 439 1267 praepositos,
478 1205 566 1248 nosse
599 1185 732 1256 ordines,
770 1184 941 1263 intellegere
978 1188 1161 1262 occasiones
1267 1245 1271 1252 .

200 1309 224 1350 1⁰
242 1299 361 1360 differre
395 1297 540 1376 impetus,
574 1296 731 1376 disponere
765 1295 858 1370 diem,
892 1294 998 1358 vallare
1031 1305 1160 1372 noctem,

240 1409 391 1470 fortunam
423 1406 502 1468 inter
534 1405 636 1479 dubia,
668 1406 806 1467 virtutem
836 1405 916 1467 inter
943 1414 1024 1468 certa
1054 1425 1160 1470 nume-

241 1535 320 1592 rare,
351 1516 489 1596 quodque
518 1515 698 1578 rarissimum
729 1535 785 1577 nec
814 1516 871 1578 nisi
893 1517 1042 1578 Romanae
1072 1518 1160 1580 disci·

239 1628 338 1709 plinae
368 1645 558 1701 concessum,
589 1627 655 1706 plus
683 1644 831 1708 reponere
859 1627 889 1689 in
917 1627 994 1690 duce
1016 1644 1105 1707 quam
1129 1629 1159 1689 in
1259 1677 1262 1686 .

241 1737 380 1799 exercitu.
425 1755 513 1798 omne
542 1737 634 1798 robur
661 1738 692 1798 in
716 1739 828 1818 pedite,
858 1755 945 1817 quem
967 1755 1059 1819 super
1080 1757 1160 1800 arma

199 1866 223 1908 aa
240 1848 427 1910 ferramentis
449 1866 569 1927 quoque
591 1856 621 1910 et
642 1847 736 1927 copiis
758 1856 898 1909 onerant:
921 1847 993 1910 alios
1016 1849 1052 1909 ad
1072 1865 1160 1929 proe-

239 1959 311 2020 llum
340 1959 384 2020 ire
406 1960 518 2032 videas,
551 1958 671 2020 Chattos
699 1959 734 2020 ad
765 1958 886 2020 bellum.
930 1959 990 2019 rari
1018 1977 1161 2022 excursus

240 2078 270 2130 et
296 2069 417 2131 fortuita
446 2087 557 2150 pugna.
602 2055 782 2148 equ'estrium
812 2087 883 2131 sane
906 2069 1010 2131 virium
1037 2070 1068 2130 id
1090 2089 1161 2151 pro·

240 2179 354 2259 prium,
384 2179 443 2240 cito
465 2197 570 2260 parare
591 2180 757 2252 victoriam,
786 2179 844 2240 cito
868 2178 988 2241 cedere:
1021 2179 1161 2242 velocitas

240 2289 320 2351 iuxta
348 2288 552 2364 formidinem,
582 2290 731 2351 cunctatio
754 2290 878 2370 propior
900 2289 1084 2352 constantiae
1107 2299 1159 2353 est.
1251 2281 1270 2354 ,³

188 2404 224 2462 81
242 2408 271 2461 et
307 2400 370 2462 aliis
406 2399 621 2463 Germanorum
663 2401 780 2480 populis
817 2410 1095 2481 usurpatum‚.raro
1132 2410 1160 2463 et

310 2671 333 2722 2.
352 2668 504 2733 incohante,
519 2659 660 2734 icolratB‚
682 2669 826 2734 inchoato,
852 2668 957 2723 inchoat
975 2673 1080 2735 etpost
1097 2676 1108 2723 t
1126 2671 1157 2722 o·-

240 2759 303 2806 turo
315 2755 339 2822 β,
356 2754 479 2806 inchoant
491 2753 516 2806 C.
639 2757 664 2808 3.
683 2753 777 2808 durans
793 2757 865 2822 pro.
989 2757 1014 2807 4.
1031 2768 1157 2824 rarescere
1259 2791 1268 2829 ‚3

235 2856 309 2923 ped.
362 2855 464 2909 chattos
473 2857 527 2922 Bc,
545 2859 668 2922 cattuso,
686 2821 774 2909 cactos
786 2857 811 2911 θ.
916 2860 939 2910 5.
958 2855 1087 2909 hercinias
1099 2857 1157 2920 dcc,

239 2939 375 3010 llircynlus
384 2940 415 2993 B.
468 2944 547 3008 atque
558 2940 617 3010 θοβ,
635 2957 665 2994 ac
673 2943 720 2994 Bt.
824 2943 848 2993 6.
868 2955 942 2994 arcus
955 2941 996 2993 Oc.

240 3029 264 3079 8.
282 3027 393 3078 romanis
413 3040 443 3077 ac
458 3025 484 3078 C.
537 3024 711 3094 solertieGub.
831 3030 855 3080 9.
874 3041 952 3078 nosce
970 3026 995 3080 0.
1065 3026 1157 3078 intelli·
1266 3013 1267 3020 ¹

240 3109 393 3178 gereBdCc.
517 3113 554 3163 12.
574 3111 724 3175 romnneB,
742 3114 883 3196 romanet,
901 3114 946 3164 ro‘e
958 3109 989 3175 0,
1011 3110 1110 3163 ratione
1120 3111 1157 3180 οβ.

310 3232 349 3282 14.
367 3227 480 3297 inpedite
491 3229 523 3294 0,
547 3227 669 3298 impedite
679 3245 701 3282 c.
753 3193 830 3297 qffim
841 3230 872 3296 G,
898 3244 974 3298 quam
985 3244 1005 3280 e.

241 3316 280 3366 15.
300 3312 512 3382 ferramentisque
530 3318 587 3366 etc.
624 3314 750 3367 honorant
762 3315 787 3368 0.
886 3317 926 3368 16.
944 3317 1027 3366 cattos
1042 3314 1065 3366 d.
1101 3329 1156 3366 raro

242 3398 268 3451 0.
365 3401 404 3452 19.
422 3398 528 3452 insted.
581 3399 710 3453 conctatio
724 3399 757 3465 B,
774 3401 889 3453 conlatio
908 3400 934 3453 0.
987 3398 1104 3467 propiora
1116 3399 1156 3453 uc.

307 3515 353 3585 81,
375 3519 397 3571 1.
414 3517 518 3584 populis
533 3517 600 3583 Boo,
618 3517 708 3586 patriis
723 3518 749 3571 Ο.
802 3519 919 3584 turold,
942 3483 1044 3582 migff,
1069 3534 1155 3572 rarae.
