2552 4172
325 263 344 304 n
366 262 455 304 enruu
477 260 569 304 nraars
590 259 788 303 nvn-xxxiv.
957 245 1015 306 105

110 437 181 492 terra
207 431 236 492 id
262 449 338 511 opus
367 438 469 511 agunt.
512 428 646 492 simibter
674 428 761 491 etiam
787 427 818 490 in
842 427 941 490 ltaliae
968 446 1016 491 re·

108 541 189 620 gione
208 542 311 605 Aliana
333 539 413 602 inter
432 540 546 603 Padum
568 539 765 620 'licinumque
787 557 898 601 amnes.

107 655 253 731 (26)...
282 653 343 715 seri
374 652 435 713 vult
468 652 618 732 raphanus
650 660 729 712 terra
761 651 870 727 soluta,
907 650 1014 714 umida.
1034 661 1066 712 83

107 765 199 827 dmum
225 764 295 826 'odit
325 762 409 844 palea
441 769 610 825 contentus.
659 761 770 841 frigore
803 761 876 824 adeo
909 765 1017 844 gaudet

105 876 189 938 utin
218 873 376 938 Germania
403 872 562 936 infantium
590 889 753 953 puerorum
781 873 1016 954 magnitudinem

105 995 212 1067 aequet.

104 1097 163 1176 (28)
196 1097 271 1160 siser
308 1102 338 1157 et
371 1095 469 1176 ipsum
505 1092 641 1156 Tiberius
677 1093 816 1175 princeps
853 1094 1017 1158 nobilitavit
1033 1106 1066 1156 90

103 1209 231 1289 flagitans
250 1205 399 1269 'omnibus
426 1204 513 1268 annis
543 1224 559 1266 e
588 1204 754 1268 Germania.
804 1206 936 1268 Gelduba
964 1225 1017 1288 ap-

104 1319 224 1400 pellatur
252 1317 404 1381 castellum
432 1315 536 1377 Rheno
564 1315 727 1395 inpositum
755 1314 807 1380 ubi
835 1318 1018 1397 generositas

104 1431 271 1512 praecipua,
299 1447 335 1490 ex
365 1446 425 1508 quo
454 1434 577 1506 apparet
605 1426 719 1506 frigidis
744 1427 818 1490 locis
846 1429 1015 1492 convenire.

105 1539 167 1624 (42)
188 1540 323 1604 omnium
351 1540 382 1600 in
410 1537 504 1599 hortis
530 1554 631 1598 rerum
656 1537 818 1601 lautissima
841 1559 909 1602 cura
931 1550 1083 1622 aspa-145

104 1653 177 1734 ragis
307 1659 352 1713 est
385 1657 415 1710 et
448 1646 527 1710 aliud
560 1665 656 1727 genus
687 1649 828 1712 incultius
864 1669 1017 1733 asparago,

102 1763 198 1828 mitius
226 1762 367 1837 corruda,
396 1759 505 1841 passim
534 1757 622 1820 etiam
648 1759 680 1822 in
707 1760 859 1823 montibus
881 1780 1017 1839 nascens,

102 1875 216 1937 refertis
248 1872 411 1954 superioris
439 1869 613 1932 Germaniae
646 1871 772 1951 campis,
788 1865 790 1871 ’
807 1891 868 1934 non
896 1872 1016 1936 inficeto

102 1986 143 2048 Ti.
177 1985 309 2048 Caesaris
340 1983 418 2046 dicto
451 1978 573 2042 herbam
605 1978 647 2043 ibi
682 1982 829 2061 quandam
861 1983 943 2046 nasci
977 1985 1016 2046 si·

101 2096 249 2159 millimam
271 2113 422 2176 asparago.

100 2211 142 2286 (4)
171 2225 321 2270 summum
355 2209 434 2287 apud
465 2209 603 2288 antiquos
637 2209 756 2286 signum
786 2207 924 2270 victoriae
953 2216 1016 2270 erat
1032 2162 1099 2286 lglxll

100 2319 219 2382 herbam
253 2317 406 2398 porrigere
435 2317 542 2396 victos,
574 2320 632 2383 hoo
665 2327 710 2380 est
742 2328 821 2381 terra
854 2328 884 2382 et
915 2319 1017 2383 altrice

101 2431 162 2511 ipsa
190 2430 280 2491 humo
311 2435 341 2490 et
368 2429 540 2492 humatione
569 2431 656 2493 etiam
685 2431 807 2507 cedere,
841 2451 931 2513 quem
952 2451 1017 2494 mo-

101 2559 163 2604 rem
186 2539 274 2602 etiam
297 2559 379 2601 nunc
401 2540 508 2603 durare
531 2542 608 2622 apud
632 2541 797 2604 Germanos
819 2542 889 2604 scio.

100 2655 144 2732 (6)
168 2696 176 2713 .
200 2696 208 2712 .
232 2695 240 2712 .
261 2650 293 2711 in
317 2649 473 2714 Germania
501 2660 584 2715 trans
604 2653 743 2715 Rhenum
771 2651 876 2714 castris
906 2671 921 2712 a
945 2651 1017 2715 Ger·
1036 2678 1068 2728 20

100 2762 217 2824 manico
242 2761 363 2823 Caesare
391 2763 537 2843 promotis
563 2763 709 2828 maritimo
737 2771 834 2825 tractu
861 2764 930 2824 fons
958 2771 1020 2824 erat

101 2891 193 2954 aquae
224 2872 318 2934 dulcis
347 2874 443 2950 solus,
475 2892 532 2954 qua
560 2883 630 2955 pota
658 2875 735 2936 intra
763 2874 918 2937 biennium
946 2874 1019 2935 den·

101 2993 145 3046 tes
174 2983 346 3047 deciderent
375 3003 592 3066 compagesque
622 2986 653 3047 in
677 2986 802 3066 genibus
825 2985 1017 3048 solverentur.

170 3213 193 3264 2.
212 3210 299 3264 italiae
317 3211 347 3276 Q,
365 3211 436 3264 italia
453 3229 482 3267 aa.
550 3213 656 3280 regione
675 3213 729 3278 OE,
747 3213 846 3266 ratione
863 3229 892 3264 ac.

104 3299 128 3352 3.
144 3295 235 3348 Aliana
257 3295 402 3362 lbtmobus,
420 3297 518 3350 aeliane
537 3298 572 3363 Q,
591 3297 657 3350 aliae
674 3313 733 3350 nam
748 3297 793 3362 W,
812 3296 940 3351 alienae.
975 3315 1019 3366 pa-

103 3386 155 3435 tum
173 3381 204 3446 Q,
222 3396 317 3448 panum
335 3383 406 3436 DF&
509 3386 551 3448 90,
570 3386 593 3436 2.
612 3399 644 3436 ex
662 3383 692 3449 Q,
710 3398 740 3436 ae
757 3383 816 3450 DF,
834 3398 849 3434 a
866 3399 895 3437 ac.

169 3469 210 3533 20,
231 3469 253 3532 1,
274 3471 356 3520 castra
374 3467 405 3521 N
419 3467 638 3535 (Nonaatulanur
653 3472 800 3536 rescriptos
816 3484 884 3524 caeo.
901 3457 936 3536 ν).

103 3555 126 3605 3.
144 3567 194 3621 qua
211 3551 270 3618 ΝΕ,
289 3569 341 3621 quo
360 3553 389 3606 V
401 3555 559 3620 (Vossianus
576 3555 714 3608 Laidem
731 3573 757 3609 n.
775 3569 817 3608 nxr
833 3570 901 3608 auec.
919 3557 964 3622 au).
