2560 4186
240 247 279 310 30
569 264 704 307 connnnu
727 265 822 307 morri

188 435 225 492 82
302 431 430 512 proximi
452 433 562 495 Chattis
591 442 705 495 certum
734 433 792 494 iam
820 433 900 496 alveo
923 432 1062 495 Rhenum
1092 437 1164 514 qui·

239 561 297 622 que
319 543 464 606 terminus
485 562 549 605 esse
572 543 699 605 sufficiat
722 543 804 623 Usipi
826 563 860 605 ac
881 544 1021 606 Tencteri
1045 545 1161 608 colunt.

238 652 377 715 Tencteri
419 673 509 734 super
545 654 664 715 solitum
701 653 847 716 bellorum
884 655 974 716 decus
1012 657 1165 734 equestris
1260 659 1261 666 ’

239 763 411 843 disciplinae
438 772 501 825 arte
530 762 727 844 praecellunt,
761 783 817 826 nec
845 765 939 827 maior
968 766 1046 845 apud
1070 766 1158 828 Chat·

209 883 285 936 utos
314 875 445 955 peditum
471 875 535 936 laus
563 893 650 954 quam
673 874 829 937 Tencteris
857 875 999 955 equitum.
1045 876 1089 939 sic
1111 878 1162 938 in·

238 986 361 1047 stituere
383 986 523 1062 maiores3
552 985 664 1064 posteri
694 985 856 1046 imitantur.
901 986 930 1047 hi
954 985 1036 1048 lusus
1059 987 1161 1048 intan-

238 1096 324 1172 tium,
358 1097 431 1158 haec
464 1096 603 1157 iuvenum
633 1095 806 1169 aemulatio;
839 1105 1032 1176 perseverant
1060 1115 1161 1159 senes.

238 1207 317 1268 inter
344 1206 482 1268 familiam
505 1216 534 1266 et
559 1215 683 1286 penates
705 1215 734 1268 et
756 1207 820 1268 iura
842 1207 1065 1269 successionum
1089 1208 1160 1286 equi

238 1317 409 1378 traduntur:
433 1316 541 1397 excipit
563 1317 640 1378 tilius
663 1336 724 1378 non
747 1325 780 1378 ut
802 1327 899 1378 cetera
914 1318 1060 1380 maximus
1076 1326 1162 1393 natm.

198 1439 222 1480 1⁰
239 1427 289 1488 sed
312 1435 402 1506 prout
423 1427 507 1488 ferox
529 1426 607 1488 bello
630 1438 660 1488 et
682 1428 796 1488 melior.

188 1534 226 1592 ac
302 1537 380 1598 iuxta
403 1533 566 1599 Tencteros
588 1537 722 1600 Bructeri
745 1537 815 1598 otim
838 1535 1050 1599 occurrebant:
1076 1557 1161 1600 nunc

219 1647 398 1710 chamavos
426 1656 456 1709 et
481 1648 670 1727 Angrivarios
698 1648 880 1727 immigrasse
909 1658 1061 1723 narratur,
1091 1649 1164 1729 pul--

238 1759 278 1821 sis
300 1758 449 1821 Bructeris
477 1777 512 1819 ac
539 1758 659 1838 penitus
689 1757 793 1821 excisis
814 1759 976 1821 vicinarum
1007 1776 1157 1822 consensu

238 1869 409 1945 nationum,
442 1889 495 1932 sen
527 1867 682 1950 superbiae
717 1869 784 1930 odio
817 1886 869 1931 scu
900 1868 1025 1949 praedae
1055 1869 1158 1931 dulce·

208 1979 307 2040 tdine
339 1998 391 2040 seu
424 1980 522 2042 favore
556 1979 684 2060 quodam
718 1997 786 2060 erga
820 1998 874 2041 nos
903 1979 1036 2041 deorum.
1088 1997 1156 2041 narn

237 2108 275 2150 ne
305 2091 474 2170 spectaculo
504 2091 622 2170 quidem
648 2090 753 2171 proelii
775 2089 914 2151 inridere.
959 2108 1050 2170 super
1072 2107 1156 2151 sexa-

237 2199 317 2278 ginta
339 2199 418 2260 milia
441 2219 502 2260 non
525 2201 613 2262 armis
641 2201 766 2280 telisque
788 2200 943 2275 Romanis,
977 2200 1046 2274 sed,
1075 2201 1156 2281 quod

237 2309 476 2389 magnificentius
517 2319 577 2386 est,
620 2310 810 2372 oblectationi
849 2311 1000 2390 oculisque
1040 2310 1161 2372 cecide*

238 2429 318 2481 runt.
367 2427 499 2495 maneat,
530 2439 657 2500 quaeso,
687 2421 838 2501 duretque
859 2420 1011 2501 gentibus,
1046 2421 1155 2483 sinon

197 2545 221 2587 10
238 2549 321 2592 amor
343 2530 453 2606 nostri,
476 2539 608 2593 atcerte
630 2532 729 2594 odium
751 2532 822 2605 suin
839 2532 956 2612 quando
979 2531 1163 2610 urgentibus.

305 2705 354 2777 32,
373 2711 396 2760 1.
415 2707 522 2761 cattisb.
628 2710 652 2760 2.
671 2705 817 2760 suffitiatC.
920 2710 944 2760 4.
963 2710 1047 2759 cattos
1057 2708 1080 2759 b.

239 2794 262 2844 5.
275 2794 383 2845 tencteri
393 2809 414 2847 c.
461 2796 485 2849 6.
498 2793 648 2846 imittuntur.
674 2792 709 2844 hii
720 2792 746 2846 C.
794 2795 817 2844 t.
831 2807 905 2845 senes
923 2808 986 2842 corr
999 2809 1013 2842 e
1028 2795 1123 2846 senos?
1131 2796 1161 2863 β..

305 2892 355 2965 88,
374 2898 396 2949 t.
414 2895 481 2948 iusta
493 2898 515 2949 b.
569 2857 698 2948 Tencteros
712 2894 744 2959 0,
770 2893 947 2947 thencterose.
1049 2896 1073 2947 2.
1092 2894 1156 2947 Cha-

239 2996 384 3062 mauosBc‚
402 2998 540 3052 chamavos
558 2999 584 3062 (r
603 3013 666 3048 corr
683 2997 730 3063 er)
744 2995 774 3060 0,
792 2995 930 3049 chamanos
943 2998 970 3061 b,
996 2973 1111 3050 chamofli
1126 3001 1155 3048 in

239 3083 362 3148 margine
371 3081 394 3150 β,
447 3083 613 3151 Angriuarios
622 3082 674 3144 Bc,
693 3080 851 3148 engrinarios
861 3083 889 3144 b,
905 3096 923 3132 v
939 3096 1022 3147 mpra
1038 3082 1094 3150 ιιβ,
1113 3097 1162 3134 an·v

239 3165 406 3275 guiuarioslt‘.
511 3167 534 3218 3.
554 3163 693 3232 Bructerijs
705 3167 736 3218 B.
781 3166 901 3234 poenitus
917 3181 938 3217 o.
1043 3170 1067 3218 7.
1085 3166 1154 3218 milia

238 3286 304 3350 Bm,
325 3286 394 3338 milia
405 3287 428 3337 b.
468 3283 570 3352 celsisq;
589 3283 638 3336 rois
654 3285 680 3337 G.
768 3286 792 3338 8.
810 3283 944 3352 oculisque
956 3284 1024 3346 Bor,
1043 3283 1112 3336 oculi
1130 3283 1155 3336 C.

308 3374 347 3425 to.
365 3386 396 3423 ao
414 3373 458 3423 t're
477 3369 606 3434 adianto
625 3386 660 3420 ecc
678 3380 702 3435 te
721 3373 791 3434 corr)
816 3368 856 3421 sni
880 3368 902 3420 si
917 3368 942 3421 C.
1006 3369 1156 3436 urgentibus

238 3459 424 3523 inpracticon
442 3455 525 3519 nulli,
544 3454 693 3522 urgentibus
711 3455 763 3507 iam
780 3454 834 3518 Bb,
854 3453 866 3505 i
886 3453 1005 3521 urgentib
1020 3452 1053 3519 C,
1071 3454 1097 3506 in
1117 3470 1164 3506 ur-·

239 3540 384 3609 gentibuso
402 3546 428 3592 et
444 3555 527 3606 cupra
545 3539 556 3594 t
572 3539 679 3606 igentib’
698 3539 731 3593 0².
