2560 4186
406 258 424 302 ε
445 256 600 302 οτιιοοινιο
621 257 706 300 meno
728 258 764 302 ιν.
1002 243 1043 309 55

116 421 197 488 ἀλλ’
209 422 354 488 ’ίπέτεινε
375 420 433 513 την
454 427 567 512 ἔχθραν
587 421 606 512 ἡ
628 429 687 488 τοῦ
700 429 843 511 ποταμοῦ
857 427 912 512 ἔρις
925 430 984 489 τοῦ
998 417 1045 489 δι-

116 535 279 626 είργοντος
299 531 427 615 αὐτούς,
457 533 602 624 ἑκατέρου
623 540 681 598 τοῦ
703 538 808 609 ἔθνους
829 527 904 600 ίδιον
925 529 1044 613 ἀξιοῦν-

116 669 178 720 τος
202 641 279 710 εἶναι
299 643 355 710 τὸν
367 641 481 736 Ἄραρα
502 647 555 711 καὶ
576 647 678 727 ἑαυτῷ
700 642 857 736 προσηκειν
874 644 917 710 τοὶ
932 639 1045 736 διαγω-
1064 670 1089 713 ιι

115 753 203 845 γικοὶ
229 756 319 845 τέλη·
349 758 412 821 νυνί
433 748 464 819 δ’
489 754 548 821 ὑπὸ
569 767 633 833 τοῖς
651 754 815 844 Ῥωμαίοις
836 753 946 822 άπαντί
971 757 1048 826 ἐστί,

195 864 259 955 Την
280 859 313 930 δ’
337 867 387 931 ἐπὶ
407 873 453 948 τῷ
466 863 567 956 Ῥήνῳ
582 873 696 956 πρῶτοι
710 874 772 932 τῶν
787 865 931 934 ἁπάντων
947 875 1046 934 οίκοῦ-
1063 884 1079 936 3

118 1003 172 1042 σιν
197 973 384 1066 Ἐλεηττιοι,
406 975 473 1067 παρ’
500 973 541 1053 οίς
562 983 633 1042 εἰσιν
656 984 688 1042 αἱ
709 980 805 1068 πηγαὶ
826 987 884 1045 τοῦ
904 987 1047 1070 ποταμοῦ

118 1092 155 1153 ἐν
174 1095 224 1170 τῷ
237 1080 372 1172 Ἀδοιίλορ
388 1083 454 1178 ὄρει.
484 1096 580 1155 τοῦτο
595 1081 627 1152 δ’
645 1090 711 1154 ἐστὶ
725 1089 810 1178 μέρος
823 1097 886 1155 τῶν
897 1087 1048 1172 Ἄλπεων,

120 1197 206 1265 ὅθεν
234 1200 285 1263 καὶ
307 1197 325 1263 ὁ
345 1191 475 1275 Ἀδοιίοις
500 1205 540 1276 εἰς
567 1198 718 1266 τάναντία
743 1200 816 1290 μέρη
838 1205 881 1290 ῥεῖ
898 1200 969 1292 πρὸς
990 1200 1047 1292 την

120 1307 217 1384 ἐντὸς
238 1307 391 1399 Κελτικὴν
412 1312 465 1374 καὶ
485 1316 595 1401 πληροῖ
613 1309 671 1402 τὴν
692 1309 807 1402 Λάριον
828 1313 950 1402 λίμνην,
978 1311 1078 1404 πρδςε

120 1411 145 1516 ᾗ
162 1425 306 1484 ἔκτισται
319 1418 358 1485 τὸ
372 1421 495 1511 Κῶμον,
505 1445 509 1452 ’
518 1419 573 1487 εἶτ’
590 1415 711 1488 ἐνθένδε
728 1428 768 1498 εἰς
781 1421 837 1488 τὸν
852 1416 959 1490 Πάδον
974 1449 1048 1514 συμ-

122 1529 249 1616 βάλλει,
270 1533 337 1620 περὶ
358 1521 399 1596 ὧν
422 1528 545 1623 ὕστερον
567 1536 698 1623 ἐροῦμεν.
736 1535 788 1598 καί
808 1533 945 1624 ὁῬῆνος
962 1528 997 1600 δὲ
1010 1541 1050 1612 εἰς

123 1643 188 1730 ἕλη
209 1639 331 1730 μεγάλα
353 1643 405 1706 καί
425 1643 531 1733 λίμνην
553 1643 714 1734 ἀναχεῖται
741 1643 893 1736 μεγάλην,
919 1635 954 1735 ἧς
975 1643 1050 1734 ίφά-
1068 1663 1151 1726 μινι

124 1777 266 1819 πτονται
279 1755 331 1818 καὶ
339 1751 462 1820 Ῥαιτοὶ
475 1755 527 1820 καί
538 1749 732 1821 Οὐινδολικοὶ
742 1762 805 1820 τῶν
814 1754 963 1821 Ἀλπείων
973 1756 1051 1832 τινὲς

125 1865 187 1930 καὶ
207 1870 270 1928 τῶν
292 1863 505 1954 ὑπεραλπείων.
542 1867 613 1956 φησί
635 1859 669 1931 δὲ
689 1864 729 1932 τὸ
749 1873 843 1956 μῆκος
862 1863 959 1930 αὐτοῦ
974 1891 1050 1931 οτα-
1071 1891 1094 1932 ιο

127 1971 207 2040 δίων
229 1969 436 2062 ἑξακισχιλίων
450 1974 585 2058 Ἀσίνιος,
608 1975 665 2042 οὐκ
686 1981 751 2043 ἔστι
772 1969 821 2041 δέ·
845 1974 911 2040 ἀλλ’
937 1975 982 2042 ἐπ’
1001 1975 1050 2042 εὖ·
1083 2043 1085 2049 ,

128 2087 221 2162 θείοις
242 2086 295 2176 μὲν
317 2093 375 2150 τοῦ
395 2085 519 2176 ἡμίσους
540 2086 643 2175 ὀλίγον
666 2083 703 2152 άν
725 2085 915 2178 ὑπερβάλλει,
936 2098 1002 2164 τοῖς
1018 2080 1052 2152 δὲ

130 2195 322 2286 σκολιώμασι
343 2199 396 2260 καὶ
417 2199 509 2287 χίλιοι
529 2199 744 2289 προσιεθέντες
766 2205 873 2276 ἱκανῶς
888 2194 925 2264 άν
940 2203 1051 2288 ἔχοιεν·

130 2311 188 2374 καὶ
208 2306 267 2398 γάρ
288 2302 356 2386 ὀξύς
371 2311 446 2390 ἐστι,
468 2303 519 2374 διά
533 2317 630 2376 τοῦτο
645 2302 679 2376 δὲ
693 2311 745 2375 καὶ
759 2303 987 2400 δυο-γεφύρωτος
1000 2313 1053 2374 καὶ

130 2413 187 2484 διὰ
215 2411 325 2484 πεδίων
353 2415 457 2496 ὕπτιος
485 2421 608 2510 φέρεται
633 2419 671 2487 τὸ
698 2419 803 2488 λοιπὸν
831 2419 969 2504 καταβὰς
991 2418 1052 2487 άπὸ
1071 2443 1095 2485 15

130 2537 199 2594 τῶν
221 2527 313 2619 ὀρῶν·
334 2537 396 2606 πῶς
419 2522 470 2596 οὖν
492 2528 553 2598 οίόν
575 2556 611 2597 τε
632 2533 730 2621 μένειν
749 2527 818 2610 ὀξὺν
832 2532 884 2597 καὶ
899 2533 1005 2614 βίαιον,
1027 2538 1053 2596 εἰ

131 2649 182 2724 τῷ
205 2640 366 2730 ὑπτιαομῷ
380 2634 576 2732 προσδοίημεν
590 2645 643 2708 καὶ
657 2641 858 2732 σκολιότητας
871 2640 987 2718 πολλάς
1001 2645 1053 2706 καὶ

133 2749 268 2842 μακράς,
289 2753 360 2842 φησὶ
382 2744 416 2816 δὲ
437 2754 489 2817 καί
510 2746 653 2842 δίστομον
674 2752 750 2819 εἶναι
770 2751 961 2843 μεμψάμενος
981 2751 1052 2829 τούς

133 2863 231 2929 πλείω
245 2863 407 2952 λέγοντας·
430 2866 652 2953 ἐγκυκλοῦνται
665 2865 719 2953 μὲν
734 2858 771 2954 δη’
786 2889 856 2928 τινα
871 2861 970 2953 χώραν
985 2875 1052 2940 ταῖς

135 2971 312 3064 σκολιότητι
339 2976 390 3038 καὶ
418 2965 506 3051 οὗτος
528 2978 580 3041 καί
601 2975 619 3042 ὁ
641 2973 812 3065 Σηκοάνας,
841 2973 876 3042 οὐ
897 2971 1051 3064 τοσαύτην
1068 3001 1093 3043 ιο

206 3277 230 3340 3,
249 3275 273 3328 2.
292 3271 316 3327 οιί
332 3292 376 3327 του
394 3270 456 3328 άτιοι
473 3275 544 3341 libret,
560 3269 713 3342 Ἐλουήιπιοι
731 3274 877 3328 Cluverius.
956 3276 980 3330 3.
998 3276 1051 3328 διοι-

137 3371 182 3422 δου
199 3367 260 3422 ελλσ
277 3369 349 3433 libri,
365 3363 475 3440 ’λδούλᾳ
492 3369 638 3437 Χμίοπιίον.
717 3372 741 3424 5.
758 3367 845 3439 λαρίοιν
861 3369 895 3422 Α.
972 3371 996 3423 9.
1014 3369 1052 3441 ῥι-

135 3484 173 3518 τοι
190 3463 258 3530 Am,
275 3460 380 3532 καίρετοι
397 3462 477 3515 Com
494 3467 574 3516 antea
591 3464 640 3515 καί.
681 3458 827 3530 οὖινδολιγοί
843 3462 910 3516 Am,
953 3458 1052 3518 ἅλτεων

138 3560 191 3613 Ac.
297 3559 336 3610 11.
355 3551 409 3609 ἀλλ’
429 3553 469 3608 ἀπ’
488 3557 564 3613 ΑΒΘ.
669 3560 709 3612 20.
727 3553 862 3624 οηοιουοίνας
879 3556 945 3612 Am.
