2560 4186
251 242 291 306 80
444 260 463 300 n
485 258 622 302 nounouu
647 256 742 300 unuin
764 253 848 298 nunno
870 254 901 296 n.
923 252 963 295 ru.

249 426 333 490 ribus
354 427 443 508 louge
465 427 581 508 lateque
604 427 735 502 diffusae,
757 425 855 505 primo
877 423 913 485 ad
929 421 1184 503 septentrionem

249 558 357 620 magno
379 539 472 618 gradu
494 547 666 614 excurrunt,
688 536 795 599 deinde
816 535 868 598 uhi
883 533 1071 597 Germaniam
1094 534 1182 598 adti-

249 659 372 732 geruut,
400 667 486 713 verso
516 650 619 731 inpetu
642 650 672 713 in
696 649 841 710 orientem
863 646 975 710 abeunt
996 645 1179 728 diremptis-

219 780 308 843 sque
329 762 448 843 populis
469 760 639 824 inmanibus
660 777 755 840 usque
777 759 808 822 iu
825 758 979 820 Thraciam
995 765 1177 838 penetrant„

155 886 186 942 5.
199 891 232 942 74
314 873 420 949 Gallia,
445 872 598 934 Lemanno
620 871 686 934 lacu
707 880 737 932 et
759 869 935 932 Cebennicis
957 868 1115 932 montibus
1138 869 1174 932 in

247 984 306 1046 duo
335 984 426 1046 latera
453 983 542 1046 divisa
571 989 658 1062 atque
688 981 780 1044 altero
803 961 933 1044 Tuscum
961 981 1084 1062 pelagus
1115 981 1173 1042 ad·

246 1095 366 1175 tingens
392 1094 484 1156 altero
514 1093 683 1168 Oceanum,
716 1093 766 1154 hic
787 1111 803 1154 a
825 1091 901 1154 Varo
929 1091 989 1154 illic
1018 1110 1033 1152 a
1056 1091 1170 1155 Rheno

205 1279 212 1294 ·
246 1206 282 1268 ad
305 1207 488 1286 Pyrenaeum
515 1223 611 1285 usque
639 1203 827 1286 permittitur.
871 1221 940 1284 pars
962 1211 1066 1266 nostro
1089 1205 1169 1268 mari

216 1316 378 1397 sadposita
404 1316 472 1395 (tuit
498 1316 656 1396 aliquando
677 1315 814 1391 Bracata,
843 1333 925 1376 nuuc
947 1313 1170 1394 Narbonensis)

246 1434 291 1490 est
317 1411 410 1508 mhgis
438 1427 516 1489 culta
543 1435 573 1490 et
592 1427 685 1508 magis
708 1427 820 1489 consita
841 1425 968 1506 ideoque
990 1426 1078 1488 etiam
1101 1428 1166 1490 lae·

195 1548 227 1598 79
246 1538 313 1601 tior.
336 1584 344 1600 .
367 1585 375 1600 .
399 1584 406 1599 .
437 1538 599 1602 Rhodanus
628 1557 689 1601 non
718 1539 808 1617 longe
829 1537 866 1600 ab
888 1535 980 1600 Histri
1003 1538 1165 1621 Rhenique

244 1650 378 1714 sontibus
405 1649 514 1730 surgit:
547 1649 615 1713 dein
638 1650 790 1713 Lemanno
819 1650 884 1712 lacu
913 1657 1053 1730 acceptus
1078 1659 1164 1714 tenet

243 1762 377 1843 inpetum
405 1779 497 1841 seque
525 1779 579 1842 per
601 1762 730 1825 medium
752 1760 868 1840 integer
888 1779 996 1842 agens,
1030 1772 1163 1845 quantus

241 1872 337 1950 venit,
366 1873 531 1954 egreditur,
560 1881 590 1936 et
619 1873 688 1936 inde
717 1880 821 1950 contra
843 1872 873 1934 in
897 1873 1081 1938 occidentem
1104 1874 1159 1938 ab·
1276 1917 1277 1924 κ

241 1984 316 2047 latus
338 1984 516 2065 aliquamdiu
539 1983 646 2048 Gabios
667 1983 787 2046 dirimit.

603 2221 623 2274 H
640 2221 735 2276 HBRR
752 2222 790 2276 ΠΙ.

305 2402 313 2419 .
336 2403 344 2420 .
367 2404 374 2419 .
397 2358 531 2436 Varduli,
564 2377 625 2421 una
659 2378 733 2438 gens
759 2361 830 2423 hinc
859 2362 894 2423 ad
922 2361 1065 2443 Pyrenaei
1094 2367 1153 2450 iugi

240 2470 480 2550 promunturium
501 2471 665 2552 pertinens,
688 2471 779 2534 cludit
800 2472 964 2554 Hispanias.

146 2581 221 2640 216
303 2581 443 2662 Sequitur
465 2581 573 2644 Gahiae
602 2582 677 2644 latus
704 2583 844 2661 alterum,
875 2586 960 2650 cuius
982 2607 1034 2650 ora
1055 2590 1150 2670 primo

239 2691 311 2754 nihil
336 2712 492 2774 progressa
520 2694 551 2755 in
573 2693 679 2770 altum,
708 2713 777 2757 mox
798 2698 981 2761 tantumdem
1002 2719 1098 2780 paene
1119 2704 1148 2766 in

239 2804 360 2884 pelagus
393 2805 540 2867 excedens
572 2813 714 2886 quantum
746 2815 826 2870 retro
861 2808 1000 2890 Hispania
1033 2812 1147 2877 absces-

238 2922 332 2992 serat,
366 2916 548 2978 Cantabricis
580 2917 613 2978 dt
641 2917 759 2981 adversa
787 2919 874 2982 terris
903 2928 933 2983 et
959 2922 1065 3001 grand
1093 2925 1146 2987 cir-

208 3026 319 3090 scuitu
348 3027 459 3089 addexa
486 3027 522 3087 ad
551 3025 734 3090 occidentem
755 3029 825 3092 litus
846 3031 978 3095 advertit.
1021 3041 1093 3097 tunc
1113 3036 1145 3097 ad

237 3137 455 3217 septentriones
483 3155 625 3200 conversa
649 3139 756 3202 iterum
779 3142 869 3222 longo
891 3151 1033 3225 rectoque
1053 3154 1144 3208 tractu

193 3263 219 3306 ao
236 3247 272 3308 ad
301 3247 381 3330 ripas
408 3247 505 3311 Rheni
534 3249 628 3313 amuis
655 3252 833 3335 expanditur
855 3297 863 3314 .
886 3299 894 3316 .
918 3300 925 3315 .
947 3256 1029 3336 regio
1060 3275 1142 3340 quam

303 3469 344 3532 79,
364 3470 387 3522 1.
404 3467 493 3522 histria
509 3467 663 3539 archenique
679 3470 734 3523 An.

308 3553 331 3604 1.
349 3551 458 3606 vardulli
475 3553 502 3605 A
519 3559 546 3606 et
561 3570 616 3608 aaa
633 3555 704 3608 nulli
720 3555 778 3610 aba.
