2560 4186
162 214 200 274 14
496 228 630 271 conuncu
652 229 746 271 rscrrr

109 401 147 457 14
227 417 294 460 cum
326 406 446 486 ventum
482 397 512 458 in
547 396 657 471 aciem,
694 405 781 476 turpe
813 396 940 478 principi
973 399 1084 462 virtute

160 508 254 583 vinci,
284 516 372 588 turpe
399 506 548 569 comitatui
569 506 708 569 virtutem
736 508 880 590 principis
909 526 971 570 non
994 510 1082 572 adae·

161 638 261 702 quare.
306 618 362 680 iam
385 636 454 679 vero
484 618 593 679 infame
621 617 652 678 in
683 636 802 680 omnem
831 619 918 680 vitam
947 638 981 681 ac
1010 638 1081 700 pro·

161 731 283 793 brosum
312 728 501 809 superstitem
530 728 660 809 principi
687 747 742 791 suo
771 747 808 790 ex
829 729 891 791 acie
912 732 1081 794 recessisse.

132 841 243 903 sillum
279 839 453 913 defendere,
499 839 589 913 tueri,
634 857 685 902 sua
724 857 843 919 quoque
883 841 969 902 sortia
1006 842 1082 905 lacta

160 951 270 1033 gloriae
300 951 364 1013 eius
392 950 542 1029 assignare
565 949 757 1030 praecipuum
780 960 998 1014 sacramentum
1022 961 1081 1016 estc

160 1061 311 1143 principes
334 1079 388 1142 pro
410 1060 532 1122 victoria
554 1068 700 1141 pugnant,
723 1060 845 1122 comites
860 1079 915 1142 pro
932 1062 1078 1143 principe.

160 1173 184 1235 si
207 1172 307 1234 civitas
329 1172 360 1233 in
384 1189 441 1251 qua
464 1171 521 1232 orti
543 1179 614 1233 sunt
631 1158 723 1251 'longa
742 1189 816 1251 paco
831 1180 861 1234 et
876 1171 937 1234 otio
952 1181 1078 1254 torpeat,

159 1282 294 1364 plerique
328 1279 473 1344 nobilium
506 1277 749 1346 adolescentium
770 1290 877 1363 petunt
914 1283 993 1346 ultro
1030 1303 1082 1349 eas

121 1393 297 1455 ouationes
327 1411 402 1472 quae
429 1401 493 1455 tum
521 1392 630 1455 bellum
660 1392 778 1472 aliquod
806 1403 931 1474 gerunt,
961 1396 1029 1475 quia
1050 1405 1081 1459 et

160 1504 275 1583 ingrata
303 1503 384 1584 genti
414 1503 497 1582 quies
526 1511 555 1565 et
583 1503 698 1566 facilius
726 1504 806 1566 inter
827 1504 966 1585 ancipitia
988 1506 1081 1568 clare-

161 1623 249 1678 scunt
278 1631 477 1694 magnumque
506 1613 677 1675 comitatum
706 1633 768 1677 non
798 1613 855 1677 nisi
884 1615 912 1676 vi
929 1593 1081 1698 'belloque

159 1733 291 1788 tuentur.
329 1724 451 1804 exigunt
473 1724 552 1786 enim
575 1724 719 1806 principis
740 1725 786 1788 sui
807 1725 982 1789 liberalitate
998 1727 1081 1790 illum

160 1835 332 1898 bellatorem
355 1852 481 1915 equum,
511 1834 589 1896 illam
612 1844 767 1898 cruentam
787 1837 997 1917 victricemque
1018 1839 1079 1900 lra-

119 1964 144 2005 1s
160 1965 265 2013 meam.
316 1964 384 2008 nam
414 1946 518 2025 epulae
548 1953 578 2007 et
606 1963 784 2025 quamquam
813 1948 972 2028 incompti,
1005 1948 1079 2028 largi
1127 2011 1138 2022 ,

160 2067 258 2119 tamen
282 2064 440 2137 apparatus
461 2075 517 2137 pro
539 2056 686 2137 stipendio
710 2058 828 2120 cedunt.
869 2059 989 2122 materia
1012 2079 1079 2122 mu-

161 2166 327 2228 nificentiae
360 2185 415 2247 per
447 2166 523 2229 bella
552 2175 582 2228 et
608 2175 721 2247 raptus.
771 2185 828 2231 nec
855 2187 938 2231 arare
967 2178 1078 2232 terram

160 2285 211 2338 aut
239 2284 408 2356 exspectare
437 2294 549 2338 annum
577 2285 637 2338 tam
666 2278 750 2340 facilc
777 2281 960 2359 persuaseris
988 2299 1077 2360 quam

159 2405 281 2458 vocarer.
300 2386 416 2447 hostem
453 2395 482 2447 et
516 2386 637 2448 vulnera
674 2389 791 2450 mereri.
849 2390 966 2471 pigrum
1004 2392 1076 2471 quin

118 2513 144 2556 ro
161 2497 250 2559 immo
278 2506 307 2558 et
333 2498 414 2559 iners
435 2496 550 2559 videtur
571 2498 680 2561 sudore
701 2500 857 2579 adquirere
879 2501 957 2581 quod
981 2503 1078 2583 possis

159 2609 303 2688 sanguine
325 2626 438 2688 parare.

227 2859 274 2930 14,
291 2862 316 2914 2.
333 2875 426 2928 equare
438 2860 479 2913 Co.
562 2862 586 2913 3.
605 2860 694 2914 uirob.
726 2861 858 2933 imbec.
939 2865 962 2916 5.
982 2861 1077 2915 dellen-

161 2943 258 2998 dereG.
302 2945 411 2998 factio.
526 2947 550 2997 6.
568 2944 623 2997 eius
643 2945 725 3010 emb,
742 2939 798 3013 9⁸13.
914 2948 938 2999 8.
957 2945 1077 2999 ocide.

230 3067 253 3118 9.
272 3064 365 3132 pluriq;
384 3071 410 3117 ct
427 3066 489 3118 inde
502 3080 564 3116 corr
576 3041 714 3133 pbuliqt'.
755 3062 820 3116 ultra
832 3063 858 3118 0.
922 3067 961 3120 ld.
980 3079 1036 3118 cum
1049 3065 1076 3120 0.

215 3152 253 3204 11.
273 3150 450 3203 clarescantt'.
539 3152 579 3203 12.
597 3149 765 3203 comulatuC.
859 3148 898 3200 13.
917 3146 1076 3212 tuenturBd,

161 3237 247 3287 tueare
266 3235 299 3288 Cc
317 3237 457 3302 etreliqua*
474 3250 572 3288 omnes.
708 3237 747 3289 15.
770 3239 803 3287 uti
819 3231 846 3287 0.
889 3230 984 3298 incepti
1000 3246 1036 3296 pr
1049 3230 1076 3285 0.

213 3321 253 3372 18.
270 3324 405 3388 expectare
414 3318 480 3372 boe.
515 3326 565 3372 auu
576 3319 603 3373 θ.
673 3322 712 3374 19.
730 3333 821 3372 vacare
837 3318 953 3387 Q
964 3315 1077 3370 hustet).

160 3385 241 3474 batem
251 3422 275 3490 β.
310 3421 414 3473 uolnera
424 3421 456 3474 B.
541 3423 582 3475 20.
600 3421 651 3474 imo
665 3419 709 3476 bd.
743 3421 795 3474 irno
810 3419 884 3473 ihers
901 3419 997 3484 videre,
1015 3433 1079 3468 corr

162 3510 216 3558 tv·m
225 3505 251 3558 C.
286 3506 417 3574 acquirere
425 3505 491 3559 Boe.
