2560 4186
260 253 300 316 66
532 271 551 315 π
572 263 725 312 εσοιιιοιυε
746 267 831 312 imno
853 268 901 312 vu.

258 428 448 520 Κοαδούοιν,]
463 437 496 500 ἐν
511 431 552 510 οἷς
566 437 633 500 ἔστι
648 435 699 500 καὶ
714 433 751 500 τὸ
767 433 931 523 Βουίαιμον
945 431 983 499 τὸ
999 441 1059 500 τοῦ
1071 434 1177 524 Μαρυ-
1271 437 1272 446 ’

260 539 351 631 βόδου
373 547 538 629 βασίλειον,
566 553 605 622 εἰς
629 546 660 612 ὃν
682 549 792 622 ἐκεῖνος
813 544 908 611 τόπον
931 541 1042 622 ἄλλους
1063 569 1101 610 τε
1123 570 1177 634 με·
1271 583 1272 604 ι

258 658 424 748 τανέσπρσε
451 657 570 733 πλείους
597 659 649 722 καὶ
671 650 708 748 δὴ
731 660 783 722 καὶ
804 655 876 733 τοὺς
898 655 1051 746 ὁμοεθνεῖς
1074 661 1177 741 ἑαυτῷ

216 797 241 838 ιι
257 766 506 858 Μαρκομμάνους.
541 769 652 857 ἐπέστη
678 767 736 858 γάρ
755 780 820 844 τοῖς
840 765 1011 857 πράγμασιν
1033 758 1123 844 οὗτος
1144 764 1179 846 ἐξ

259 874 381 944 ἰδιώτου
408 878 488 966 μετά
509 876 566 968 τὴν
588 882 624 943 ἐκ
642 877 763 968 Ῥώμης
784 872 947 944 ἐπάνοδον·
975 879 1038 954 νέος
1058 877 1118 968 γάρ
1139 871 1177 968 ἦν

256 983 369 1056 ἐνθάδε
390 991 442 1054 καὶ
456 988 643 1079 εὐεργετεῒτο
663 989 721 1055 ὑπὸ
736 997 793 1056 τοῦ
808 991 976 1074 Σεβαστοῦ,
998 988 1177 1056 ἐπανελθὼν

257 1095 291 1166 δὲ
327 1094 526 1165 ἐδυνάστευσε
562 1103 614 1166 καὶ
650 1099 866 1192 κατεκτήσατο
902 1098 978 1191 ἷπρὸς
1014 1098 1056 1177 οἷς
1092 1099 1177 1166 εἷπον

257 1212 408 1301 Λουγίους
429 1235 474 1292 τε,
497 1212 577 1300 μέγα
599 1217 693 1293 ἔθνος,
716 1215 769 1277 καὶ
782 1211 959 1288 Αἰλουαίους
981 1214 1032 1276 καὶ
1046 1210 1175 1277 Γούτω-

214 1352 240 1395 ³0
257 1348 309 1399 νας
337 1325 389 1388 καὶ
417 1324 606 1412 μουγίλωνας
633 1326 685 1388 καὶ
713 1325 847 1407 Σιβίνους
874 1325 925 1388 καὶ
956 1331 1019 1388 τῶν
1046 1321 1175 1414 Συήβων

257 1433 360 1499 αὐτῶν
382 1435 461 1524 μέγα
483 1439 578 1516 ἔθνος,
601 1436 767 1524 Σέμνωνας.
803 1433 882 1524 πλὴν
902 1433 946 1498 τά
964 1459 1001 1524 γε
1015 1443 1078 1499 τῶν
1093 1433 1175 1524 Συή-

257 1548 326 1628 βων,
350 1545 388 1621 ὡς
410 1551 491 1636 ἔφην,
513 1551 586 1634 ἔθνη
608 1543 651 1610 τά
672 1547 725 1636 μέν
747 1545 832 1622 ἔντδς
854 1553 943 1627 οἰκεῖ,
965 1544 1008 1610 τά
1030 1539 1064 1610 δὲ
1085 1544 1175 1622 ἐκτὸς

256 1664 313 1722 τοῦ
340 1650 467 1746 δρυμοῦ,
499 1653 593 1747 ὅμορα
621 1669 684 1734 τοῖς
705 1657 823 1734 Γέταις.
867 1659 1009 1747 μέγιστον
1037 1658 1090 1746 μὲν
1121 1649 1173 1722 οὖν

256 1765 294 1832 τὸ
321 1775 384 1832 τῶν
406 1765 531 1858 Σοήβοιν
560 1774 660 1845 ἔθνος·
697 1762 793 1859 διήκει
820 1767 960 1858 γὰράπὸ
982 1775 1040 1832 τοῦ
1058 1765 1173 1858 Ῥήνου

214 1903 239 1946 οι
256 1880 342 1970 μέχρι
362 1887 420 1946 τοῦ
431 1875 567 1963 Ἄλβιος·
600 1881 685 1970 μέρος
707 1873 741 1944 δέ
762 1906 795 1944 τι
816 1877 918 1944 αὐτῶν
938 1881 990 1944 καὶ
1007 1879 1100 1968 πέραν
1115 1887 1174 1946 τοῦ

253 1986 373 2074 Ἃλβιος
394 1991 526 2079 νέμεται,
549 1989 688 2081 καθάπερ
702 1985 897 2081 Ἑρμόνδοροι
919 1994 971 2055 καὶ
985 1989 1172 2081 Λαγκόβαρ-

152 2127 177 2180 p.
187 2111 235 2165 291
255 2094 316 2166 δοι·
351 2103 413 2165 νυνὶ
441 2094 475 2166 δὲ
502 2105 553 2166 καὶ
582 2104 692 2179 τελέως
722 2110 761 2178 εἰς
788 2101 845 2192 τὴν
873 2102 998 2191 περαίαν
1026 2091 1114 2166 οὗτοί
1134 2126 1173 2189 γε

254 2209 468 2276 ἔκπεπτώκασι
493 2210 662 2303 φεύγοντες.
706 2212 804 2280 κοινὸν
827 2207 857 2278 δ’
887 2215 969 2278 ἐστὶν
991 2209 1086 2276 ἅπασι
1107 2224 1173 2289 τοῖς

254 2319 355 2416 ταύτῃ
377 2320 416 2387 τὸ
437 2325 503 2413 περὶ
524 2323 580 2400 τάς
598 2323 834 2412 μεταναστάσεις
849 2323 972 2414 εὐμαρὲς
986 2317 1038 2387 διὰ
1052 2321 1110 2412 τὴν
1124 2329 1172 2387 λι-

212 2454 237 2496 ιυ
254 2431 376 2525 τότιγτα
397 2441 454 2498 τοῦ
476 2435 541 2517 βίου
563 2437 615 2500 καὶ
632 2429 683 2500 διά
697 2434 735 2502 τὸ
751 2435 791 2526 μὴ
807 2447 948 2526 γεωργεῖν
963 2427 1039 2523 μηδὲ
1053 2439 1172 2523 θησαν·

324 2729 365 2780 22.
383 2720 512 2780 κολδοῦων
530 2729 601 2794 libri,
620 2743 682 2782 corr
700 2728 851 2781 Kramerus.
891 2721 1049 2798 μαροβοῦδου
1066 2727 1109 2793 Bi,
1126 2727 1173 2796 βοι-

255 2815 377 2890 ροβοῦδου
396 2821 422 2872 C.
510 2824 551 2875 29.
568 2820 663 2882 λουίους
681 2823 752 2890 libri,
768 2821 887 2890 Λουγὶους
904 2821 1055 2888 Cluverius,
1073 2820 1174 2872 Maino-

256 2915 324 2967 lius.
401 2916 441 2968 29.
460 2914 501 2966 ml
517 2913 659 2976 Αῐλουοιίονς
672 2920 730 2968 sive
744 2913 878 2976 Ὶλουαίονς
895 2918 997 2968 conieci
1012 2918 1043 2966 in
1060 2915 1175 2982 Haupiii

255 3011 323 3061 ariis
342 3009 484 3060 litterariis
501 3011 526 3075 9,
544 3011 592 3064 248
612 3009 695 3074 (conf.
711 3011 772 3063 Ταο.
786 3011 872 3064 Gom,
886 3013 927 3065 43.
944 3010 1010 3062 Plol.
1024 3011 1047 3073 2,
1062 3011 1104 3073 11,
1123 3009 1176 3074 11),

255 3103 297 3154 καὶ
313 3095 420 3172 Βυύρους
437 3103 570 3170 Zmiris,
588 3104 629 3155 καὶ
645 3099 748 3175 ζούμους
765 3107 836 3157 libri.
871 3098 995 3174 βοὺτωνας
1010 3104 1066 3168 ΑΒ,
1084 3098 1173 3171 βούτυ-

257 3215 302 3258 νας
320 3197 357 3263 Cl,
375 3213 438 3248 corr
456 3196 603 3254 Cluverius.
671 3201 711 3253 36.
730 3199 899 3270 μουλγίλωνας
917 3198 943 3266 C,
960 3195 1175 3267 Βουργσυνδέωνας

259 3291 397 3343 Cluvm'ur
414 3295 441 3342 et
457 3289 527 3353 cons.
539 3292 565 3342 A
582 3293 619 3344 ad
628 3293 696 3345 Ptol.
709 3295 733 3358 2,
748 3297 787 3359 11,
802 3297 841 3360 15,
858 3294 905 3346 sed
915 3297 940 3344 ei
953 3293 985 3344 de
996 3291 1092 3357 litigiis
1103 3295 1132 3342 et
1142 3291 1174 3341 de

260 3383 387 3436 Turriliis
399 3385 477 3450 (Ptol.
490 3388 513 3452 2,
528 3389 568 3453 11,
584 3387 634 3454 14.)
652 3387 827 3453 cogitandum
844 3392 889 3444 esi.
923 3385 1024 3438 Σειδινοι
1039 3385 1108 3438 Ptol.
1121 3385 1140 3438 l.
1156 3385 1172 3437 l.

326 3479 367 3532 32.
384 3474 444 3548 ᾤκει
460 3481 532 3546 lilri,
550 3495 612 3532 corr
631 3481 776 3534 Cluverius.
844 3483 887 3534 33.
904 3480 997 3548 γάταις
1011 3495 1047 3547 pr
1063 3479 1096 3532 A.

260 3574 300 3627 36.
319 3567 460 3642 εὐμόνδοροι
477 3574 548 3642 lilri,
566 3590 629 3628 σοιν·
647 3575 826 3628 θαεαιιῠονιιιι.
860 3569 1029 3644 λαγκόσαργοι
1043 3573 1117 3630 lilri.
