2560 4186
378 268 396 309 ι
417 265 570 310 οτιιιιιοινιι
592 265 677 309 uano
698 265 746 308 vn.
979 249 1019 312 73

98 431 209 518 μένους,
233 427 317 497 ὥστε
339 433 392 496 καὶ
413 427 634 522 συνεξορμῆσαι.
671 429 782 508 πάντες
803 431 907 520 μέντοι
926 455 1020 497 κατε-
1037 461 1063 513 p.
1071 443 1122 496 294

97 539 236 631 λῦθησαν
261 542 320 609 ὑπὸ
342 550 405 608 τῶν
418 542 581 632 Ῥωμαίων
603 541 692 608 αὐτοί
714 566 750 607 τε
772 549 800 607 οἱ
818 541 947 632 Κίμβροι
968 545 1020 608 καὶ

97 659 122 717 οἱ
143 651 348 744 συναράμενοι
369 651 499 734 τούτοις,
522 660 550 719 οἱ
571 653 624 741 μὲν
644 651 862 742 ὑπερβαλόντες
876 649 1018 729 τάςἌλ-

93 787 154 840 πεις
178 771 221 841 εἰς
244 763 304 855 τήν
325 763 461 829 Ἰταλίαν
483 770 511 830 οἱ
533 757 565 828 δ’
590 758 649 842 ἔξω
670 772 733 828 τῶν
752 761 900 830 Ἄλπεων.

151 871 256 953 Ἕῦος
283 869 318 941 δέ
345 900 378 938 τι
404 882 466 939 τῶν
494 875 635 964 Κίμβρων
663 868 840 964 διηγοῦνται
866 881 1051 956 τοιοῦτον,3

91 981 140 1049 ὅτι
161 998 236 1063 ταῖς
258 982 393 1077 γυναιξὶν
415 984 518 1050 αὐτῶν
540 984 810 1076 ουστρατευοιίσαις
829 983 1017 1075 παρηκολού-

90 1101 166 1194 θουν
180 1095 369 1187 προμάντεις
384 1098 484 1187 ἱέρειαι
505 1095 701 1187 πολιότριχες,
724 1098 921 1186 λευχείμονες,
945 1122 1017 1186 καρ-

90 1209 220 1285 πασίνας
243 1202 412 1297 ἐφαπτίδας
439 1209 727 1298 έπιπεπορπηρέναι,
755 1202 861 1296 ζῶσμα
883 1213 1016 1296 χαλκοῦν

91 1322 234 1404 ἔχουσαι,
265 1312 466 1408 γυμνόποδες·
494 1343 558 1394 τοις
583 1311 634 1383 οὖν
657 1316 864 1407 αιχμαλοίτοις
886 1312 937 1384 διά
959 1328 1046 1386 τοῦδ

91 1424 305 1518 στρατοπέδου
342 1428 493 1520 συνήντων
530 1425 671 1520 ξιφήρεις,
714 1430 946 1518 καταστέψασαι
982 1425 1013 1496 δ’

92 1537 205 1618 αὐτοῦς
240 1533 317 1630 ήγον
349 1542 398 1606 ἐπὶ
431 1548 566 1630 κρατῆρα
598 1547 732 1628 χαλκοῦν
761 1538 829 1606 ὅσον
859 1540 1016 1632 ἀμφορέων

91 1654 223 1716 είκοσιν·
247 1650 327 1740 εἶχον
350 1644 384 1716 δέ
406 1650 592 1741 ἀναβάθραν,
613 1653 650 1741 ήν
672 1650 835 1735 ἀναβᾶσα.
853 1702 860 1715 .
877 1701 883 1715 .
901 1701 908 1716 .
925 1652 1014 1744 ὑπερ-

91 1762 184 1854 πετής
199 1771 259 1829 τοῦ
273 1763 400 1852 λέβητος
413 1760 610 1851 ἐλαιμοτόμει
621 1761 751 1827 ἕκαστον
762 1764 1013 1852 μετεωρισθέντα·

90 1875 124 1937 ἐκ
145 1868 181 1940 δὲ
203 1881 264 1940 τοῦ
284 1873 486 1963 προχεομένου
508 1876 636 1962 αἵματος
658 1880 697 1950 εἰς
718 1870 773 1938 τὸν
788 1881 922 1963 κρατῆρα
936 1899 1013 1962 μαν-
1031 1895 1056 1936 ω

94 1985 177 2050 τείαν
200 1983 273 2050 τινά
294 1988 468 2065 ἐποιοῦντο,
496 1980 589 2049 ἄλλαι
610 1978 645 2049 δὲ
666 1978 859 2071 διασχίσασαι
879 1983 1014 2075 έσπλάγ-

94 2119 199 2181 χνευον
222 2092 491 2184 ἀναφθεγγόμεναι
513 2096 595 2184 νίκην
616 2107 680 2171 τοῖς
698 2096 823 2170 οἰκείοις.
857 2099 889 2159 έν
904 2089 938 2162 δὲ
952 2109 1015 2174 τοῖς

95 2203 210 2294 ἀγῶσιν
240 2213 372 2272 ἔτυπτον
400 2204 456 2282 τὰς
485 2204 591 2296 βύρσας
617 2205 675 2282 τοὶς
696 2207 930 2296 περιτεταμένας
951 2220 1014 2285 τοῖς

94 2318 205 2408 γέρροις
237 2324 301 2382 τῶν
330 2311 529 2406 ἁρμαμαξῶν,
563 2315 640 2381 ὥστ’
672 2316 889 2384 ἀποτελεῖσθαι
917 2317 1012 2408 ψόφον

94 2423 232 2506 ἐξαίσιον.
821 2450 823 2455 ·
1029 2442 1053 2482 1⁵

156 2541 229 2606 Τῶν
257 2533 292 2603 δὲ
311 2539 487 2628 Γερμανῶν,
517 2537 556 2614 ῶς
581 2536 673 2620 εἷπον,
696 2545 723 2604 οἱ
745 2541 798 2627 μὲν
819 2537 1046 2629 προσάρκτιοι4

95 2659 270 2744 παροικοῦσι
297 2656 344 2732 τῶ
370 2647 493 2731 ὠκεανῷ
520 2644 715 2739 γνωρίζονται
737 2643 768 2714 δ’
793 2648 853 2716 ἀπὸ
875 2657 938 2715 τῶν
959 2653 1010 2715 ἐκ·

96 2764 192 2844 βολῶν
215 2767 272 2826 τοῦ
285 2758 397 2851 Ῥήνου
419 2757 564 2842 λαβόντες
585 2758 641 2850 τήν
659 2759 751 2850 ἀρχήν
767 2761 852 2850 μέχρι
866 2768 923 2826 τοῦ
935 2757 1010 2825 Ἀλ-

96 2875 165 2954 βιος.
195 2879 317 2938 τοῦτων
338 2865 369 2936 δ’
387 2872 442 2935 εἰσὶ
456 2869 687 2960 γνωριμώτατοι
701 2869 893 2962 Σούγαμβροί
907 2895 944 2936 τε
958 2874 1010 2935 καὶ

95 2977 232 3073 Κίμβροι.
265 2980 307 3047 τά
326 2975 360 3046 δέ
374 2983 465 3071 πέραν
475 2989 536 3046 τοῦ
548 2979 669 3065 ’Άλβιος
683 2981 726 3047 τά
738 2981 810 3072 πρὸς
824 2989 870 3065 τῷ
885 2980 1010 3065 ὠκεανῷ
1027 3003 1040 3044 ε

95 3091 288 3160 παντάπασιν
310 3089 454 3182 ἄγνωστα
474 3092 545 3182 ἡμῖν
566 3097 657 3158 ἐστιν.
696 3089 845 3182 οὔτεὟάρ
860 3101 923 3159 τῶν
937 3118 1009 3183 προ-

164 3371 188 3434 3,
207 3370 231 3421 6.
249 3366 443 3438 καταστρέψεται
458 3368 522 3421 Act.
613 3371 636 3421 8.
656 3367 781 3420 lacunam
797 3367 929 3420 indicavit
944 3369 1009 3421 Μοί-

97 3463 197 3514 nultius.

163 3557 189 3617 4,
207 3557 231 3608 2.
247 3548 383 3624 παρήκουσι
400 3555 471 3622 libri,
488 3570 551 3606 corr
568 3554 665 3607 Οοναιε
681 3559 708 3606 ot
723 3553 877 3608 Meinelcius.
