2552 4172
361 260 380 301 n
401 257 488 302 renui
509 258 603 302 mnms
624 258 734 300 vr—xr.
757 257 812 299 xvr.
989 243 1045 305 101

139 428 236 490 alitum
261 427 424 509 accipimus
445 445 572 508 quarum
593 427 711 508 plumae
732 427 846 508 ignium
867 427 956 490 modo
976 445 1049 490 con·

139 539 251 602 luceant
279 537 427 602 noctibus.
470 539 501 601 in
531 538 637 601 ceteris
663 538 737 600 nihil
765 545 883 618 praeter
911 538 1049 601 nobilita·

140 658 195 714 tem
214 650 431 730 longinquitate
452 650 558 712 factam
580 649 805 712 memorandum
827 648 967 712 occurrit.
1009 699 1012 706 ,
1066 697 1101 750 xl

139 765 199 840 (14)
221 807 229 824 .
253 807 261 824 .
285 807 293 822 .
315 760 407 824 aliubi
428 761 508 822 enim
528 762 584 824 favi
607 779 675 824 cera
694 759 870 842 spectabiles
884 760 1050 842 gignuntur
1067 769 1100 820 33

139 881 169 934 ut
196 873 226 934 in
261 871 360 935 Sicilia
389 871 552 953 Paelignis,
585 871 675 934 aliubi
708 857 794 953 copia
826 871 921 934 mellis
953 880 987 933 ut
1019 872 1049 933 in

138 983 218 1046 Creta
248 983 346 1063 Cypro
374 983 487 1058 Africa,
516 982 606 1046 aliubi
633 982 837 1063 magnitudine
863 991 898 1044 ut
924 982 956 1044 in
984 1001 1051 1064 sop-

137 1093 379 1168 tentrionalibus‚
413 1093 474 1156 viso
507 1094 565 1156 iam
596 1094 628 1157 in
659 1093 814 1156 Germania
845 1103 912 1156 octo
943 1093 1052 1174 pedum

135 1204 330 1285 longitudinis
351 1205 415 1266 favo
438 1204 469 1266 in
493 1223 560 1267 cava
582 1213 666 1285 parte
689 1204 784 1284 nigro.

135 1317 200 1395 (18)
228 1323 303 1379 tuno
336 1322 452 1378 ostenta
485 1315 597 1378 faciunt
624 1317 736 1396 privata
763 1334 798 1377 ac
830 1316 964 1396 publica,
998 1334 1053 1377 uva
1071 1327 1103 1378 55

136 1426 324 1508 dependente
358 1426 390 1487 in
425 1425 562 1488 domibus
595 1427 788 1507 templisque,
822 1446 910 1508 saepo
939 1427 1054 1509 expiato

133 1537 251 1618 magnis
280 1537 434 1600 eventibus
460 1583 470 1599 .
493 1583 500 1598 .
524 1583 532 1598 .
560 1537 663 1600 sedere
692 1537 722 1599 in
752 1539 854 1601 castris
880 1538 969 1601 Drusi
997 1539 1052 1599 im·

133 1649 280 1730 peratoris
314 1666 383 1710 cum
414 1647 617 1730 prosperrime
648 1657 812 1729 pugnatum
850 1648 927 1730 apud
959 1648 1052 1710 Arba-

133 1759 236 1822 lonem
280 1766 341 1835 est,
384 1759 455 1821 haut
499 1777 646 1839 quaquam
686 1766 828 1839 perpetua
864 1759 1053 1841 haruspicum

135 1871 310 1932 coniectum
332 1869 382 1949 qui
404 1869 501 1932 dirum
522 1870 552 1932 id
575 1878 725 1932 ostentum
744 1869 912 1932 existimant
926 1888 1052 1950 semper.

133 1983 201 2059 (96)
225 2025 233 2042 .
257 2026 264 2041 .
288 2025 298 2041 .
320 1979 429 2042 mimm
456 1979 597 2044 barbaras
624 1988 728 2060 gentes
756 1998 832 2059 quae
859 1980 935 2043 lacte
957 1980 1053 2043 vivant
1070 1991 1120 2044 239

133 2091 274 2172 ignorare
315 2099 366 2153 aut
406 2110 548 2172 spernere
588 2099 633 2153 tot
668 2091 792 2154 saeculis
828 2091 906 2154 casei
943 2091 1052 2168 dotem,

135 2202 296 2264 densantes
322 2201 352 2263 id
373 2201 484 2282 alioqui
511 2203 542 2264 in
565 2220 684 2264 acorem
706 2202 870 2266 iucundum
892 2213 921 2265 et
942 2203 1053 2285 pingue

135 2313 288 2394 butyrum.
331 2331 435 2394 spuma
463 2313 493 2376 id
521 2321 567 2376 est
594 2313 669 2376 lacte
695 2315 863 2378 concretior
884 2315 1053 2394 lentiorque

137 2441 226 2503 quam
255 2423 335 2504 quod
364 2442 465 2486 serum
486 2433 616 2488 vocatur.
660 2443 722 2486 non
746 2426 941 2488 omittendum
963 2426 995 2486 in
1017 2444 1053 2486 eo

138 2534 197 2596 olei
228 2534 287 2595 vim
320 2554 385 2596 esse
417 2543 447 2597 et
477 2535 620 2600 barbaros
652 2554 756 2598 omnes
784 2537 971 2616 infantesque
999 2554 1055 2598 no-

138 2654 217 2710 stros
237 2645 277 2707 ita
298 2646 401 2724 ungui.

437 2856 439 2860 ’
489 2846 510 2898 Ε
528 2839 627 2900 ldBRO¹
639 2846 704 2901 XVl.

140 2971 186 3047 (1)
207 2968 373 3031 Pomilorao
402 2968 524 3031 arbores
554 2989 687 3050 quaeque
715 2969 882 3032 mitioribus
904 2967 983 3030 sucis
1003 2986 1055 3031 vo·
1075 2981 1087 3032 t.

139 3082 283 3161 luptatem
316 3080 428 3160 primae
466 3080 532 3144 :ibis
559 3081 723 3144 attulerunt
750 3089 779 3142 et
808 3079 973 3142 necessario
1002 3079 1054 3140 ali-

141 3200 244 3254 mento
278 3191 396 3252 delicias
428 3191 554 3253 miscere
581 3193 764 3267 docuerunt,
797 3189 857 3253 sive
885 3190 950 3253 illae
977 3190 1055 3252 ultro

140 3385 241 3439 itineris
267 3383 394 3452 dirigendi
419 3385 606 3459 praeiactisque
631 3400 679 3454 per
702 3399 783 3452 opaca
806 3384 909 3437 collium
932 3384 1057 3438 rationem

141 3469 202 3524 viae
218 3469 382 3524 moderentur
399 3469 493 3524 iudicio
511 3471 654 3537 plumarum
671 3469 861 3537 refulgentium.

214 3558 237 3623 1,
250 3559 274 3610 3.
286 3556 354 3609 ultro
367 3557 421 3608 sive
434 3557 466 3610 ab
479 3557 589 3622 nugata
602 3557 688 3624 lectio,
706 3555 761 3609 sive
774 3556 871 3608 deleuit
881 3555 1056 3619 Detlofeenus.
