2552 4172
356 285 394 328 nn
416 286 508 329 annno
530 286 761 330 nanconanruco.
960 273 1018 336 143

98 450 224 530 ingressi
251 462 337 528 sunt,
366 455 472 516 sedens
495 473 563 515 cum
586 454 676 516 fratre
699 455 729 516 in
751 455 886 518 vehiculo
910 457 1063 520 Luciusne

98 562 234 644 apoplexi
258 573 394 644 arreptus
416 565 513 644 periit.

99 719 136 736 ..
162 720 169 735 .
193 682 299 736 contra
327 674 490 737 Germanos
518 693 567 737 res
594 675 718 739 feliciter
747 677 846 755 gessit.
891 677 1017 757 speciale
1038 685 1071 740 ll

97 783 161 864 ipse
183 783 295 846 bellum
318 785 607 863 Marcomannicum,
638 787 689 848 sed
717 795 827 866 quanta
850 788 931 850 nulla
953 807 1019 851 um·

98 913 185 974 quam
219 897 361 958 memoria
393 896 450 958 luit
482 915 550 958 cum
579 897 687 958 virtute
718 906 781 960 tum
811 899 897 960 etiam
925 899 1019 961 felici·

97 1009 156 1068 tate
184 1007 343 1087 transegit,
373 1016 402 1069 et
430 1025 465 1069 eo
496 1007 614 1087 quidem
637 1016 772 1087 ternpore
795 1027 854 1088 quo
877 1009 1019 1088 pestilen-

95 1122 135 1184 tia
173 1119 270 1200 graris
305 1117 397 1179 multa
432 1118 512 1181 milia
545 1128 574 1182 et
607 1119 795 1199 popularium
830 1127 860 1180 et
892 1120 1047 1183 militamt

95 1233 297 1295 interemerat.
356 1228 525 1292 Pannonias
562 1247 650 1309 ergo,
693 1229 912 1294 Marcomannis
949 1231 1018 1294 Sar-

95 1343 184 1406 matis
211 1339 364 1416 Vandalis,
398 1339 487 1402 simul
516 1341 603 1402 etiam
630 1339 740 1412 Quadis
769 1342 923 1418 extinctis,
956 1361 1018 1404 ser-

94 1454 166 1516 ritio
189 1450 324 1514 liberavit
351 1458 381 1512 et
403 1450 513 1512 Romae
542 1470 610 1513 cum
634 1452 812 1528 Commodo,
842 1471 931 1533 quem
961 1453 1019 1515 iarn

96 1565 252 1627 Caesarem
283 1562 408 1634 lecerat,
439 1562 499 1623 filio
528 1569 561 1624 ut
589 1561 714 1624 diximus
741 1582 795 1624 suo
817 1562 1018 1643 triumphavit.

95 1693 165 1738 cum
195 1680 294 1736 autem
325 1671 360 1734 ad
391 1673 447 1734 hoc
476 1672 586 1736 bellum
616 1691 704 1735 omne
733 1673 880 1735 aerarium
908 1674 1018 1735 exhau-
1038 1681 1063 1724 ¹⁰

94 1785 185 1848 sisset
212 1801 316 1860 suum,
351 1801 448 1862 neque
476 1784 506 1846 in
536 1783 668 1846 animum
695 1783 850 1846 induceret
876 1790 910 1844 ut
938 1790 1019 1844 extra

95 1895 234 1958 ordinem
266 1894 496 1975 provincialibus
530 1894 638 1973 aliquid
675 1893 835 1972 imperaret
843 1874 863 1968 ,'
888 1893 919 1954 in
952 1893 1019 1954 loro

95 2006 155 2070 divi
189 2005 307 2067 'lraiani
341 2005 509 2067 auctionem
545 2010 789 2065 ornamentorum
822 2001 1019 2083 imperialium

94 2117 170 2180 lecit
204 2115 394 2195 vendiditque
436 2131 524 2176 aurea
568 2113 676 2193 pocula
720 2121 749 2176 et
785 2113 954 2195 crystallina
990 2120 1020 2175 et

94 2227 249 2302 murrina,
282 2243 349 2287 rasa
383 2225 470 2287 etiam
504 2224 584 2305 regia
613 2233 641 2286 et
669 2232 780 2287 vestem
808 2225 942 2286 uxoriam
971 2243 1019 2287 ae·
1037 2232 1062 2274 1⁶

92 2341 189 2401 ricam
218 2344 248 2399 et
277 2343 424 2411 auratam,
453 2353 583 2416 gemmas
611 2335 683 2414 quin
707 2336 794 2397 etiam
817 2354 891 2414 quas
912 2335 1020 2397 multas

91 2450 124 2511 in
150 2448 319 2528 repostorio
348 2447 495 2508 sanctiore
517 2445 660 2508 Hadriani
686 2452 868 2526 reppererat.
914 2452 944 2505 et
965 2462 1020 2524 per

91 2560 170 2621 dnos
204 2559 325 2638 quidem
361 2575 480 2619 menses
516 2557 590 2618 haec
625 2555 755 2617 venditio
792 2553 939 2617 celebrata
976 2560 1020 2614 est

91 2678 271 2748 tantumque
302 2669 366 2730 auri
394 2668 546 2730 redactum
577 2673 611 2727 ut
639 2664 778 2744 reliquias
806 2664 876 2727 belli
904 2663 1019 2724 Marco·

91 2779 228 2842 mannici
258 2797 293 2840 ex
320 2780 467 2840 sententia
495 2783 671 2858 persecutus
693 2777 801 2856 'postea
828 2773 942 2836 dederit
964 2791 1019 2853 po·
1037 2783 1063 2825 ²0

92 2897 230 2954 testatem
269 2888 454 2970 emptoribus
492 2895 542 2962 ut,
579 2886 656 2967 siqui
694 2885 779 2947 vellet
815 2891 913 2963 empta
952 2883 1019 2945 red·

93 3004 167 3065 dere
191 3008 280 3079 atque
303 3017 408 3062 aurum
430 2998 576 3078 recipere,
600 2997 689 3060 sciret
710 2997 809 3058 licere.

94 3158 102 3172 .
129 3158 137 3172 .
163 3157 170 3172 .
193 3112 323 3174 instante
351 3126 422 3172 sane
452 3107 547 3168 adhuc
569 3107 734 3187 pestilentia
758 3115 787 3169 et
808 3106 932 3167 deorum
954 3103 1017 3165 cul·
1035 3102 1069 3159 21

168 3380 209 3432 26.
247 3376 295 3430 erit

169 3476 212 3538 ll,
227 3393 256 3525 ll.
276 3473 370 3540 quanta
388 3469 534 3535 Iordanes,
559 3472 655 3536 quanto
673 3469 725 3520 BP.
840 3471 863 3520 l.
883 3466 1019 3520 uuandalis

169 3568 208 3621 21.
226 3564 346 3618 redderet
