2560 4186
472 258 627 304 seruauit.
968 247 1008 307 45

97 433 216 489 xerunt:
252 444 319 488 nam
357 426 502 507 quidquid
536 429 615 490 inter
647 427 795 491 Peucinos
831 427 1010 510 Fennosque

97 536 229 598 silvarum
261 555 296 599 ae
329 538 474 600 montium
503 539 626 618 erigitur
653 538 817 602 latrociniis
843 549 1009 620 pererrant.

96 647 126 710 hi
157 657 254 710 tamen
287 647 367 710 inter
400 649 563 713 Germanos
598 650 698 732 potius
733 651 905 712 referuntur
941 652 1009 730 quia
1027 669 1051 711 to

97 764 125 821 et
150 760 253 822 domos
281 760 379 840 figunt
405 768 435 822 et
461 770 545 824 scuta
571 769 689 842 gestant
716 769 746 822 et
766 761 875 842 pedum
898 780 955 824 usu
976 780 1011 824 ae

32 883 36 890 ’
95 870 269 950 pernicitate
305 871 450 951 gaudent:
488 891 563 953 quae
597 872 696 934 omnia
727 871 839 935 diversa
872 873 1012 935 Sarmatis

96 990 165 1044 sunt
192 982 222 1042 in
250 981 383 1062 plaustro
412 1000 549 1063 equoque
575 983 749 1046 viventibus.
799 981 911 1046 Fennis
937 984 1011 1046 mira

96 1092 207 1168 lenitas,
252 1092 339 1153 loeda
374 1103 547 1174 paupertas:
592 1112 654 1157 non
694 1111 789 1171 arma,
833 1112 895 1155 non
932 1095 1010 1174 equi,

97 1222 156 1264 non
191 1212 329 1283 penates;
362 1204 452 1268 vietui
482 1205 592 1281 herba,
624 1205 742 1269 vestitui
773 1203 880 1285 pelles,
894 1191 898 1196 ⁸
913 1205 1011 1267 cubile
1030 1222 1053 1264 u

96 1313 219 1390 humus3
252 1314 331 1377 solae
368 1315 399 1376 in
435 1316 549 1398 sagittis
581 1335 663 1397 spes;
700 1335 772 1397 quas
804 1315 905 1395 inopia
941 1317 1011 1378 lerri

96 1424 211 1488 ossibus
247 1434 393 1506 asperent
451 1427 588 1508 idemque
623 1436 746 1490 venatus
781 1427 860 1489 viros
901 1427 1012 1508 pariter

95 1554 128 1598 ae
147 1535 276 1599 feminas
297 1538 361 1600 alit:
388 1538 497 1619 passim
524 1538 604 1602 enim
632 1537 812 1601 comitantur
837 1547 1011 1619 partemque

19 1713 20 1716 ,
95 1648 221 1727 praedae
249 1655 366 1729 petunt
417 1668 474 1712 nee
501 1650 580 1712 aliud
608 1648 771 1712 infantibus
797 1651 927 1712 serarum
955 1650 1010 1712 im·

27 1835 29 1840 ,
95 1758 254 1840 bn'umqne
286 1759 447 1840 suffugium
483 1777 570 1840 quam
602 1768 635 1822 ut
667 1761 697 1822 in
730 1760 828 1840 aliquo
861 1778 1011 1822 ramomm
1028 1777 1054 1819 no

97 1889 174 1933 nexu
204 1876 412 1950 contegantur.
463 1872 522 1934 hue
550 1872 677 1934 redeunt
708 1862 844 1946 iuvenes,
876 1870 933 1932 hoe
964 1890 1010 1934 se-

98 1999 168 2043 num
202 1981 431 2063 receptaculum.
480 1982 532 2044 sed
564 1982 679 2046 beatius
710 1981 892 2044 arbitrantur
924 2000 1012 2062 quam

99 2092 248 2173 ingemere
282 2093 375 2173 agris,
408 2092 575 2156 inlaborare
607 2093 759 2169 domibus,
791 2111 859 2156 suns
886 2092 1012 2156 alienas·

99 2221 154 2282 que
182 2205 319 2266 fortunas
347 2223 399 2285 spe
424 2211 565 2284 metuque
586 2222 713 2267 versare.
756 2204 853 2267 seeuri
875 2205 1013 2268 adversus

100 2314 247 2390 homines,
269 2314 367 2377 securi
388 2314 528 2379 adversus
548 2317 637 2391 deos,
658 2335 722 2378 rem
744 2316 943 2379 difficillimam
966 2336 1012 2378 as-
1030 2332 1056 2373 aa

102 2427 193 2488 seeuti
215 2434 296 2501 sunt,
318 2434 352 2486 ut
373 2424 430 2488 illis
453 2445 490 2488 ne
512 2434 580 2489 voto
602 2426 721 2507 quidem
744 2447 819 2509 opus
841 2435 927 2490 esset.
964 2445 1013 2488 ee-

103 2544 162 2599 tera
183 2537 242 2598 iam
264 2535 413 2599 iabulosa:
437 2535 583 2600 Hellusios
605 2546 635 2599 et
650 2537 780 2601 Oxionas
793 2556 845 2599 ora
859 2536 1012 2599 hominum

168 2842 191 2894 8.
210 2839 332 2908 quiequid
347 2841 410 2894 Bbe.
479 2839 648 2907 Foennosqne
661 2857 684 2896 e.

170 2937 210 2987 10.
227 2933 341 2987 referunt
353 2951 375 2986 e.
497 2937 537 2990 11.
554 2932 637 3001 figunt
650 2936 701 3002 et,
719 2934 819 3002 lingunt
833 2951 855 2987 e.
920 2933 1014 3003 pedum

108 3027 217 3094 Lipsiae,
235 3027 361 3094 pecudum
372 3029 418 3095 Bb,
437 3044 499 3081 eon·
516 3027 630 3096 peditum
642 3029 666 3099 β,
684 3028 799 3095 peditum
809 3045 830 3082 e.

109 3106 278 3211 ianime,
296 3139 434 3202 renuite.
514 3213 525 3241 ,ι
550 3145 706 3199 tutelae.
822 3146 1015 3201 tacebitne.

172 3243 212 3295 16.
230 3256 291 3308 spes
308 3242 380 3306 libri,
398 3256 461 3310 opes
473 3235 611 3302 Minerua.
717 3242 756 3294 18.
775 3241 910 3294 comittitur
922 3240 948 3295 0.

112 3339 149 3392 tt.
162 3333 358 3404 hymbrinmque
368 3335 420 3388 130.
522 3337 564 3387 11.
581 3333 664 3385 securi
676 3336 831 3388 —asseenti
848 3337 878 3386 in
897 3336 980 3387 lituro
992 3335 1016 3405 β.

172 3433 213 3484 15.
230 3427 407 3481 difficillimam
421 3427 463 3495 Oe,
480 3427 612 3481 diliieilem
621 3427 669 3481 Bb.
739 3431 781 3482 16.
798 3433 857 3482 sunt
874 3445 917 3482 em
929 3432 969 3499 ὺβ.

61 3617 63 3624 γ
112 3555 148 3605 11.
161 3497 269 3605 ‘etima
282 3549 313 3615 B,
330 3547 437 3602 orionas
446 3549 485 3615 be,
502 3545 514 3600 l
531 3547 631 3601 etionas
648 3563 732 3616 supra
744 3549 768 3619 β,
785 3549 892 3602 exionas
905 3547 932 3601 0.
