2560 4186
177 215 215 276 12
505 230 639 272 connunu
660 230 755 272 rserrr

134 414 158 456 15
176 407 255 460 aetas
278 398 399 477 cuique,
423 407 513 479 prout
535 397 688 472 nobilitas,
710 406 801 478 prout
822 399 912 460 decus
933 398 1091 475 bellorum,

174 517 263 589 prout
290 508 427 570 facundia
458 518 515 583 est,
543 508 719 584 audiuntur,
747 511 920 572 auctoritate
947 509 1092 572 suadendi

174 619 267 699 magis
289 637 376 698 quam
404 619 527 681 iubendi
553 628 708 700 potestate.
753 621 777 682 si
799 619 948 701 displicuit
969 628 1091 682 senten-

174 730 227 804 tia,
256 729 375 792 fremitu
406 738 617 811 aspernantur;
647 731 693 793 sin
716 731 840 810 placuit,
869 731 995 792 frameas
1017 748 1091 792 con·

175 841 300 903 cutiunt.
348 840 610 903 honoratissimum
639 859 777 904 assensus
805 859 899 920 genus
929 849 974 903 est
1002 840 1091 902 armis

132 971 157 1014 aa
174 951 301 1013 laudare.

122 1061 159 1117 12
239 1060 307 1123 licet
334 1062 412 1140 apud
440 1061 599 1123 concilium
627 1080 766 1124 accusare
794 1079 913 1142 quoque
936 1069 966 1124 et
986 1061 1091 1123 discri-

174 1189 242 1233 men
271 1170 374 1252 uapitis
403 1171 567 1234 intendere.
612 1171 761 1235 distinctio
791 1191 954 1252 poenarum
981 1191 1016 1234 ex
1038 1171 1092 1234 de·

173 1281 254 1343 liuto.
291 1281 458 1361 proditores
481 1291 511 1344 et
531 1284 699 1364 transfugas
721 1283 878 1345 arboribus
893 1283 1090 1363 suspendunt,

175 1393 296 1471 ignavos
330 1399 360 1453 et
391 1391 524 1455 imbelles
557 1402 587 1455 et
619 1412 745 1474 corpore
778 1394 903 1456 infames
936 1412 1028 1455 caeno
1055 1410 1091 1454 ac

146 1502 281 1583 epalude
318 1501 425 1565 iniecta
461 1503 585 1583 insuper
621 1513 701 1566 crate
737 1514 885 1585 mergunt.
940 1503 1091 1566 diversitas

174 1611 312 1693 supplicii
354 1613 425 1674 illuc
466 1615 601 1694 respicit,
643 1622 793 1694 tamquam
827 1614 938 1676 scelera
975 1613 1092 1676 ostendi

176 1731 310 1805 oporteat
339 1724 409 1786 dum
437 1724 618 1805 puniuntur,
648 1726 756 1806 llagitia
783 1723 934 1788 abscondi.
983 1725 1035 1786 sed
1063 1731 1093 1785 et

175 1835 333 1897 levioribus
361 1834 475 1897 delictis
503 1853 558 1917 pre
582 1835 670 1897 modu
692 1854 805 1917 poena:
835 1853 979 1915 equorum
1001 1853 1091 1916 pecu·

173 1965 301 2026 rumque
330 1964 455 2008 numero
485 1946 611 2008 convicti
639 1946 829 2008 mulctantur.
873 1965 943 2026 pars
965 1946 1092 2008 mulctae

135 2076 157 2117 re
176 2057 239 2136 regi
266 2056 313 2117 vel
342 2056 464 2132 civitati,
495 2074 564 2137 pars
592 2057 648 2136 ipsi
678 2056 728 2137 qui
756 2056 922 2119 vindicatur
949 2057 993 2118 vel
1021 2074 1092 2135 prn-

174 2166 296 2248 pinquis
318 2165 382 2226 eius
404 2167 557 2227 exolvitur.
602 2167 752 2246 eliguntur
781 2168 811 2228 in
834 2167 936 2228 iisdem
958 2166 1092 2230 conciliis

176 2287 205 2340 et
234 2275 384 2358 principes
411 2276 461 2354 qui
490 2276 555 2336 iura
586 2295 639 2357 per
667 2294 760 2356 pagos
785 2277 925 2357 vicosque
953 2278 1092 2353 reddunt,

176 2385 294 2450 centeni
316 2385 440 2464 singulis
462 2404 498 2446 ex
523 2384 610 2467 plebe
632 2387 755 2448 comites
777 2387 932 2449 eonsilium
955 2388 1042 2450 simul
1064 2395 1094 2449 ct

175 2497 335 2560 auctoritas
358 2505 470 2558 assunt.

246 2751 285 2802 18.
303 2752 455 2816 aspernatur
466 2748 492 2801 C.

242 2842 293 2907 12,
319 2845 340 2896 1.
359 2842 494 2895 consilium
509 2841 549 2895 Ge.
687 2846 711 2897 2.
730 2858 852 2912 penarum
868 2842 906 2908 B,
930 2857 1053 2913 penarum
1066 2843 1092 2898 θ.

243 2938 268 2989 3.
292 2935 421 3002 treslugus
440 2935 467 2988 C.
621 2940 644 2989 4.
669 2952 733 2989 ceno
750 2936 808 3000 ΒΟ,
833 2951 897 3006 ceno
916 2952 942 3004 e,
967 2952 1048 2990 coeno
1067 2938 1092 2991 b.

244 3043 267 3092 s.
286 3035 402 3106 prame.
420 3002 553 3104 ¹lrateu,
572 3038 694 3091 createO.
781 3041 805 3092 c.
823 3037 977 3106 supplicio.
1012 3037 1092 3090 tunm

176 3146 197 3184 e.
235 3137 355 3199 tanquam
363 3132 410 3186 Be.
497 3134 520 3182 7.
540 3130 637 3197 flagitia
648 3111 703 3224 Cpbt
715 3131 730 3200 β
742 3134 772 3182 in
784 3135 920 3198 margine,
945 3129 1046 3197 flagicia
1060 3130 1092 3195 Β,

175 3224 301 3292 supplicia
311 3226 335 3276 b.
370 3214 430 3277 elb.
502 3227 524 3278 8.
544 3239 627 3292 poena
644 3225 799 3290 Au'dnltm,
817 3224 1030 3292 poenarumbce,
1048 3239 1092 3292 pe·

175 3331 264 3369 narum
273 3317 304 3370 B.
392 3320 415 3371 9.
433 3317 649 3370 multanturBCc.
737 3322 776 3372 10.
794 3317 858 3384 ipsis
874 3320 945 3384 prb.
980 3317 1093 3370 uindica-

175 3413 216 3463 tur
229 3409 294 3478 Cep,
320 3409 461 3464 uindicauit
477 3411 525 3463 Bb.
665 3415 704 3465 11.
728 3411 869 3464 exsolvitur
882 3426 905 3464 c.
948 3410 1046 3463 bisdem
1065 3409 1092 3463 0.

245 3515 284 3567 12.
303 3478 421 3580 principe
432 3514 455 3564 b.
561 3515 600 3564 14.
618 3516 687 3580 adest
705 3512 797 3566 adsunt
806 3513 838 3577 B,
856 3513 949 3565 adsunt
959 3512 986 3565 C.

1270 3353 1275 3475 l
