2560 4186
247 254 287 317 38
577 269 708 314 conanum
730 271 824 316 nactur

245 439 377 501 satiatam
405 438 629 501 conversatione
658 439 826 501 mortalium
854 439 937 502 deam
960 441 1072 521 templo
1093 440 1161 502 red-

244 551 303 612 dat.
346 567 416 611 mox
436 548 603 611 vehiculum
632 557 662 610 et
687 557 783 612 restes
811 557 856 625 et,
885 550 909 613 si
937 553 1060 614 credere
1081 552 1161 627 valis,

202 677 227 722 ao
245 679 357 723 numen
391 660 488 741 ipsum
521 667 635 724 secreto
669 658 734 722 iacu
768 659 906 724 abluitur.
961 663 1038 724 servi
1073 663 1160 725 mini-

243 779 347 848 strant,
371 789 446 851 quos
467 770 565 833 statim
585 770 664 832 idem
685 769 767 834 lacus
788 772 895 835 haurit.
939 791 1066 836 arcanus
1092 774 1160 837 hinc

243 892 341 945 terror
361 889 522 961 sanctaque
544 881 719 962 ignorantia,
746 882 816 962 quid
838 883 876 947 sit
897 883 969 946 illud
992 885 1071 964 quod
1094 893 1160 948 tan·

243 1001 305 1056 tum
327 992 453 1074 perituri
473 993 582 1055 vident.

190 1103 227 1158 41
308 1113 338 1166 et
372 1105 446 1166 haec
474 1104 592 1183 quidem
631 1121 699 1184 pars
732 1101 899 1166 Sueborum
937 1103 967 1165 in
1000 1105 1160 1168 secretiora

243 1215 416 1278 Germaniae
444 1214 616 1296 porrigitur.
659 1214 782 1296 propior
808 1217 867 1291 (ut,
895 1215 1044 1293 quomodo
1071 1217 1160 1297 paulo

241 1336 310 1389 ante
342 1327 496 1401 Rhenum,
535 1326 578 1389 sic
619 1344 701 1387 nunc
734 1324 899 1388 Danuvium
931 1327 1051 1406 sequar)
1084 1327 1160 1389 Her·
1258 1323 1263 1330 ’

241 1436 457 1499 mundurorum
480 1436 595 1511 civitas,
617 1436 673 1498 fida
695 1435 851 1498 Romanis:
875 1454 970 1517 eoque
992 1436 1063 1498 solis
1085 1437 1160 1500 Ger-

211 1567 398 1610 omanorum
431 1565 492 1609 non
526 1547 556 1608 in
589 1547 654 1629 ripa
691 1547 917 1623 commercium,
954 1547 1007 1610 sed
1038 1548 1160 1628 penitus

240 1667 329 1739 atque
360 1659 392 1721 in
421 1657 657 1740 splendidissima
686 1658 806 1722 Raetiae
833 1657 1003 1738 provinciae
1031 1658 1158 1722 colonia.

239 1771 347 1851 passim
376 1768 441 1832 sine
470 1769 592 1832 custode
614 1776 786 1847 transeunt;
815 1776 843 1830 ot
865 1787 933 1830 oum
956 1770 1063 1834 ceteris
1084 1790 1158 1852 gen·
1268 1855 1269 1858 Ἴ

238 1881 318 1944 tibus
347 1899 426 1942 arma
455 1881 544 1943 modo
572 1888 727 1960 castraque
755 1887 856 1942 nostra
878 1881 1083 1959 ostendamus,
1112 1881 1159 1944 his

239 1993 343 2055 domos
370 1991 512 2072 villasque
544 1991 737 2072 patefecimus
770 2010 832 2053 non
865 1992 1157 2072 concupiscentibus.

198 2118 223 2160 ao
240 2103 271 2165 in
304 2102 522 2165 Hermunduris
555 2101 636 2164 Albis
669 2102 780 2177 oritur,
816 2101 927 2164 flumen
960 2102 1095 2166 inclitum
1129 2113 1159 2166 et

240 2221 345 2277 notum
369 2213 454 2290 olim3
478 2230 560 2274 nunc
581 2219 696 2275 tantum
718 2213 844 2275 auditur.

187 2326 226 2382 m
302 2323 382 2385 iuxta
403 2323 629 2384 Hermunduros
651 2323 756 2386 Varisti
785 2342 819 2384 ac
847 2321 954 2385 deinde
976 2321 1158 2386 Marcomani

272 2501 349 2554 Ι18.
366 2499 459 2551 satiata
473 2498 500 2552 0.
586 2501 627 2552 20.
645 2501 776 2552 nomenb.
828 2497 914 2562 Soio,
932 2499 1076 2553 servinc.

239 2587 279 2637 21.
298 2584 373 2638 aurit.
390 2583 516 2636 archanus
530 2583 557 2637 0.
662 2587 703 2637 22.
720 2582 784 2637 iliud
802 2582 872 2652 quod
883 2584 947 2649 Bbc,
964 2584 990 2637 id
1008 2585 1080 2652 qast.

305 2667 351 2739 41,
370 2671 393 2724 1.
411 2684 470 2737 pars
487 2668 624 2778 uerbffirm
631 2669 716 2735 Buca,
733 2673 854 2722 concert
864 2667 1015 2722 dbmanur.

237 2789 261 2840 2.
280 2786 410 2856 porrigere
423 2803 444 2840 c.
497 2789 601 2856 propior
612 2789 643 2853 B,
661 2787 778 2856 proprior
790 2803 812 2842 c.
900 2790 923 2842 3.
941 2803 1009 2841 nunc
1027 2803 1068 2840 om
1081 2791 1106 2842 d.

236 2871 380 2926 Danuuium
391 2873 448 2939 Bc,
466 2871 604 2926 danubium
617 2875 656 2926 do.
725 2872 937 2927 Hermodororum
954 2889 989 2940 pr
1002 2873 1028 2927 G.

237 2956 444 3012 biiermanduri
462 2960 493 3008 io
509 2959 669 3027 marginup.
739 2973 821 3026 eaque
834 2973 855 3011 o.
925 2957 985 3011 solis
999 2957 1026 3011 0.
1136 2965 1156 3000 θ

237 3046 261 3096 5.
280 3040 457 3110 comertiaco,
475 3043 626 3096 comertium
641 3043 667 3095 0.
735 3043 855 3110 poenitus
867 3057 888 3098 c.
992 3046 1017 3098 6.
1035 3043 1109 3097 Retio
1120 3044 1153 3110 B,

235 3128 300 3197 rotie
314 3127 356 3192 Oc,
373 3127 455 3197 rbetip
469 3130 492 3182 b.
595 3132 619 3182 7.
637 3127 733 3196 passim
751 3129 864 3195 sineBd,
882 3128 978 3195 passim
996 3132 1023 3181 et
1040 3129 1096 3182 sine
1110 3129 1152 3182 Ge.

237 3216 260 3266 8.
279 3212 405 3266 muamus
423 3215 450 3279 (i.
467 3229 489 3268 a.
508 3212 681 3280 ostendamus)
693 3214 724 3277 B,
743 3212 884 3266 offedamus
898 3214 930 3266 C?
963 3215 1013 3267 biis
1027 3213 1053 3266 0.

236 3302 260 3352 9.
278 3298 394 3366 vilesque
408 3313 429 3351 a.
535 3301 576 3350 10.
594 3296 819 3351 Hermumdurisc.
888 3299 1014 3368 inclytum
1027 3299 1073 3352 Bb.

301 3381 351 3452 m,
370 3386 393 3435 1.
410 3383 477 3435 iusta
490 3384 513 3435 b.
555 3381 749 3436 hermamduros
762 3382 788 3436 0.
830 3381 924 3436 Naristi
937 3385 992 3436 Bbc
1008 3384 1152 3450 Haaeptiur,

235 3467 334 3520 Narisci
357 3470 388 3518 in
409 3468 576 3535 marginata,
600 3467 695 3520 marisii
709 3467 736 3521 0.
804 3469 959 3522 marcomani
980 3485 1015 3536 pr
1032 3473 1064 3520 ut
1079 3469 1153 3520 oide-

236 3559 281 3606 tm·
293 3555 317 3620 d,
334 3554 363 3603 io
381 3555 503 3618 margine
520 3551 674 3610 Marcomani
687 3554 710 3620 β.
