2560 4186
183 186 201 250 8
514 202 649 246 conanum
671 203 767 245 mmm

183 391 222 435 ne
250 371 407 434 verberare
441 371 559 450 quidem
594 370 650 432 nisi
683 370 884 434 sacerdotibus
912 371 1101 451 permissum,

181 501 245 546 ‘non
279 483 362 562 quasi
394 483 426 544 in
460 500 588 564 poenam
616 500 673 544 nec
702 480 785 544 ducis
812 481 908 557 iussu,
942 481 994 544 sed
1021 483 1103 544 velut

183 593 238 655 deo
273 593 453 674 imperante,
493 609 581 672 quem
618 591 720 654 adesse
751 591 929 655 bellantibus
965 593 1101 656 credunt.

181 703 356 784 effigiesque
385 712 416 765 et
437 703 520 784 signa
543 703 686 782 quaedam
708 703 838 766 detracta
860 703 935 766 lueis
956 705 987 766 in
1011 722 1100 785 proe-

141 831 165 878 10
183 813 255 878 lium
284 815 394 876 ierunt.
446 815 585 894 quodque
613 813 806 895 praecipuum
841 814 1022 877 fortitudinis
1052 814 1101 876 in·

183 925 376 986 citamentum
400 933 463 1000 est,
494 943 555 986 non
583 942 668 987 casus
690 943 747 988 nec
768 925 890 1008 fortuita
912 924 1100 1006 conglobatio

182 1042 309 1097 turmam
337 1043 388 1097 aut
416 1053 545 1097 cuneum
573 1035 658 1109 facit,
686 1035 739 1098 sed
767 1036 893 1098 familiae
920 1044 950 1098 et
975 1035 1101 1116 propin·

183 1145 324 1226 quitates;
357 1154 386 1208 et
414 1145 445 1206 in
475 1146 610 1226 proximo
639 1146 780 1227 pignora,
813 1147 893 1208 unde
921 1147 1099 1210 feminarum

182 1256 310 1319 ululatus
339 1256 449 1333 audiri,
478 1256 558 1318 unde
579 1256 693 1337 vagitus
721 1257 888 1319 infantium.
931 1257 962 1318 bi
991 1257 1100 1336 cuique

141 1389 165 1432 ts
183 1367 359 1430 sanctissimi
386 1374 492 1442 testes,
522 1366 552 1428 hi
573 1367 692 1429 maximi
713 1367 893 1430 laudatores:
923 1367 959 1428 ad
980 1375 1099 1445 matres,

183 1477 220 1539 ad
248 1477 391 1558 coniuges
412 1477 534 1538 vulnera
563 1478 678 1553 ierunt;
708 1497 764 1540 neo
791 1479 858 1540 illae
885 1497 1043 1541 numerare
1070 1487 1101 1541 et

183 1588 302 1669 exigere
334 1589 434 1670 plagas
461 1595 586 1668 pavent,
620 1587 762 1668 cibosque
790 1597 819 1652 et
848 1589 1015 1652 hortamina
1043 1610 1102 1672 pu-

147 1703 166 1760 8
184 1697 346 1779 gnantibus
368 1707 493 1780 gestant.
530 1697 689 1760 memoriae
711 1689 847 1779 proditur
866 1700 1007 1778 quasdam
1023 1702 1103 1764 acies

183 1809 338 1872 inclinatas
368 1809 425 1871 iam
455 1817 484 1873 et
511 1809 643 1872 labantes
665 1827 681 1870 a
703 1809 821 1872 feminis
849 1811 999 1894 restitutas
1026 1831 1099 1874 oon-

182 1920 289 1983 stantia
321 1939 444 2001 precum
477 1928 507 1982 et
537 1919 656 1982 obiectu
687 1927 842 2000 pectorum
875 1929 905 1983 et
937 1930 1100 1985 monstrata

183 2031 349 2094 comminus
378 2031 560 2112 captivitate,
595 2048 683 2109 quam
711 2030 800 2110 longe
826 2031 1027 2112 impatientius
1054 2033 1099 2093 i-

152 2141 331 2202 aminarum
359 2159 479 2202 suarum
508 2140 629 2202 nomine
650 2140 771 2218 timent,
800 2141 873 2204 adeo
895 2151 929 2204 ut
950 2142 1100 2206 efficacius
1149 2194 1151 2198 .

183 2249 353 2331 obligentur
374 2251 464 2313 animi
487 2251 634 2312 civitatum
657 2249 766 2331 quibus
788 2251 867 2316 inter
882 2251 999 2317 obsides
1013 2254 1099 2335 puel-

183 2361 228 2423 lae
257 2379 376 2441 quoque
406 2360 523 2424 nubiles
552 2361 745 2443 imperantur.
789 2362 887 2425 inesse
915 2362 1099 2442 quinetiam

252 2668 275 2716 l.
293 2679 385 2732 penam
403 2665 430 2718 B.
466 2665 547 2719 ueluti
563 2665 589 2719 0.
676 2595 700 2719 Ξ.
718 2663 835 2735 impreliti
851 2665 878 2718 0.
971 2670 1011 2723 10.
1028 2667 1100 2720 sorti·

184 2754 253 2810 tudis
264 2757 289 2810 C.
378 2761 417 2811 11.
435 2761 552 2827 nequeb.
639 2762 680 2813 12.
698 2762 743 2811 aut
760 2763 822 2811 ante
839 2759 1043 2828 propinquitates
1052 2762 1101 2829 Bb,

183 2854 209 2902 et
219 2849 278 2918 βθο.
393 2853 431 2905 13.
450 2851 618 2906 foeminarum
634 2855 673 2904 bc.
787 2855 826 2907 14.
844 2853 958 2906 ululatus
977 2854 1100 2908 foemina-

182 2959 238 2996 rum
256 2943 283 2997 0.
397 2948 437 3001 16.
456 2946 604 2999 vulneret).
647 2945 692 2999 ille
711 2950 827 2999 numerat
842 2946 868 3001 C.
912 2950 1100 3002 enumeraret.

218 3061 298 3126 eth,
316 3063 417 3117 autBt.
471 3067 510 3118 17.
530 3069 556 3118 et
573 3080 616 3116 om
627 3064 653 3118 0.
689 3028 867 3132 brtaminallt'.

251 3172 280 3242 ⁸,
299 3176 322 3225 1.
340 3173 448 3241 prodere
458 3190 480 3229 c.
537 3177 561 3228 2.
580 3173 688 3227 inclinas
699 3174 725 3228 0.
761 3173 882 3227 foeminis
892 3176 930 3228 bc.
983 3175 1006 3227 3.
1025 3187 1103 3242 preco

185 3264 226 3320 Co.
262 3270 403 3319 monstrate
419 3267 444 3319 0.
548 3271 571 3320 4.
590 3268 706 3320 cominus
722 3267 763 3320 Cb.
799 3267 948 3334 inpatiiatius
965 3267 997 3332 C,
1022 3267 1103 3334 impa-

184 3358 235 3410 tius
245 3374 266 3411 c.
303 3358 471 3412 foeminarum
483 3360 531 3412 Cat
544 3361 706 3412 eteima'liter
717 3358 802 3422 infru.
871 3364 894 3415 5.
913 3358 1041 3414 efficatius
1049 3359 1102 3412 110.

252 3480 275 3528 t.
294 3454 428 3544 nbbilesb,
447 3478 623 3534 nobilesBOc.
658 3453 816 3546 impetimur
828 3480 851 3532 b.
