2560 4186
418 261 437 302 ιε
458 259 614 303 summus
634 259 718 302 ιιυιιο
741 259 787 302 νιι.
1021 248 1061 310 67

134 419 247 516 ρίζειν,
275 424 342 491 ἀλλ’
372 429 405 490 ἐν
427 426 579 509 καλυβίοις
601 431 690 490 οἰκεῖν
712 424 857 517 ἐφήμερον
879 431 981 515 ἔχουσι
1001 453 1061 494 πα-

136 533 309 627 ρασκευήν·
335 534 433 626 τροφὴ
455 529 487 600 δ’
519 533 579 602 ἀπὸ
600 544 664 600 τῶν
685 535 872 626 θρεμμάτων
892 537 912 628 ἡ
934 539 1062 630 πλείστη

131 644 283 737 καθάπερ
312 659 376 724 τοῖς
398 645 538 736 νομάσιν,
569 644 644 712 ὥστ’
670 649 799 724 ἐκείνους
820 647 997 738 μιμούμενοι
1018 649 1062 716 τά

137 765 239 825 οἰκεῖα
266 770 334 834 ταῖς
360 752 549 848 ἁρμαμάξαις
570 757 734 849 ἐπάραντες
757 756 815 854 ότι-,η
838 756 875 823 σίν
898 753 970 854 δόξῃ
993 761 1060 850 τρέ-

135 892 254 934 πονται
281 868 362 958 μετὰ
387 877 450 934 τῶν
473 867 682 958 βοσκημάτων.
728 867 809 935 ἄλλα
831 864 860 934 δ’
886 864 1061 961 ἐνδεέστερά
1077 891 1103 936 σε

136 983 225 1044 ἐστιν
254 985 327 1070 ἐθνη
348 977 520 1070 Γερμανικά
542 980 712 1070 Χηροῦσκοί
732 1003 769 1046 τε
790 985 842 1046 καὶ
864 966 987 1048 Χάττοι
1008 985 1061 1047 καὶ

137 1091 340 1181 Γαμαβρίειοι
368 1094 420 1154 καὶ
441 1089 664 1181 Χαττουάριοι·
708 1090 779 1181 πρὸς
806 1085 840 1157 δὲ
866 1101 913 1176 τῷ
935 1092 1060 1178 ὠκεανῷ

136 1199 335 1292 Σοόγαμβροί
356 1226 393 1267 τε
414 1205 467 1268 καὶ
481 1201 626 1292 Χάμαβοι
648 1204 700 1267 καὶ
713 1201 894 1293 Βροόκτεροι
914 1207 966 1269 καὶ
980 1205 1060 1296 Κίμ-

136 1316 206 1401 βροι
227 1312 347 1377 Καῦκοί
368 1337 405 1377 τε
426 1314 478 1377 καὶ
500 1313 657 1380 Καοῦλκοι
677 1317 729 1378 καὶ
746 1313 908 1403 Ἀμψιανοὶ
929 1317 981 1380 καὶ
1002 1313 1058 1381 άλ-

134 1428 191 1488 λοι
211 1423 338 1498 πλείους.
383 1427 433 1488 ἐπὶ
453 1423 558 1488 ταύτά
579 1417 613 1489 δὲ
626 1431 680 1506 ’τῷ
694 1423 827 1514 Ἀμασίορ
849 1427 989 1515 φέρονται
1005 1427 1058 1492 Βί-
1075 1447 1100 1490 συ

135 1534 258 1622 σουργίς
279 1557 315 1598 τε
337 1537 389 1599 καὶ
410 1535 547 1612 Λουπίας
567 1534 714 1624 ποταμός,
737 1529 845 1624 διέχων
855 1536 971 1627 ,Ῥήνου
993 1542 1058 1629 περὶ

135 1639 313 1722 ἑξακοσίους
334 1639 483 1730 σταδίους,
507 1649 578 1737 ῥέων
600 1640 651 1712 διά
665 1647 857 1737 Βρουκτέρων
878 1656 942 1713 τῶν
963 1653 1057 1715 ἐλατ-

135 1753 247 1820 τόνων.
277 1761 342 1819 ἔστι
357 1749 391 1820 δὲ
405 1760 456 1821 καὶ
471 1756 574 1834 Σάλας
587 1756 733 1848 ποταμός,
753 1749 788 1823 οὗ
802 1752 918 1846 μεταξὺ
933 1763 985 1825 καὶ
999 1770 1057 1828 τοῦ

133 1864 252 1955 Ῥήνου
278 1872 419 1956 πολεμῶν
445 1871 497 1933 καὶ
524 1875 685 1959 κατορθῶν
707 1869 838 1958 Δροῦσος
860 1868 1056 1961 ἐτελεύτησεν

136 1975 361 2066 ὁΓερμανικός.
399 1977 581 2069 ἐχειρώσατο
603 1973 633 2044 δ’
659 1978 694 2044 οὐ
716 1977 806 2068 μόνον
825 1987 887 2044 τῶν
902 1984 999 2046 ἐθνῶν
1014 1981 1057 2047 τά
1073 2001 1099 2042 σε

133 2093 278 2169 πλεῖστα,
301 2087 383 2154 ἀλλά
398 2093 449 2154 καὶ
463 2089 519 2166 τάς
533 2095 564 2156 ἐν
578 2098 625 2173 τῷ
640 2089 788 2180 παράπλῳ
803 2089 917 2182 νήσους,
934 2083 974 2158 ὧν
989 2097 1056 2157 ἐστι

134 2201 191 2262 καὶ
213 2199 232 2288 η
254 2199 407 2288 Βυρχανίς,
430 2202 466 2291 ἢν
488 2205 524 2266 ἐκ
544 2203 715 2291 πολιορκίας
736 2199 805 2267 εἷλε.

203 2309 342 2400 Γνώριμα
367 2304 401 2376 δὲ
422 2320 526 2377 ταῦτα
547 2314 682 2403 κατέστη
703 2311 746 2378 τά
768 2318 841 2404 ἔθνη
862 2321 1055 2404 πολεμοῦντα
1073 2336 1089 2386 4

134 2418 210 2510 πρὸς
221 2419 400 2510 Ῥωμαίους,
423 2421 481 2487 εἶτ’
506 2417 664 2489 ἐνδιδόντα
686 2427 737 2488 καὶ
758 2423 850 2490 πάλιν
865 2425 1054 2514 ἀφιστάμενα

132 2528 156 2621 ἡ
172 2533 224 2596 καὶ
239 2535 467 2599 καταλείποντα
480 2533 537 2610 τάς
551 2536 723 2611 κατοικίας·
746 2531 802 2600 κάν
816 2537 911 2600 πλείω
926 2529 960 2601 δὲ
973 2535 1053 2626 γνοί-

134 2668 209 2732 ριμα
230 2639 365 2734 ὑπῆρξεν,
388 2652 414 2710 εἰ
434 2646 578 2735 ἐπέτρεπε
595 2657 658 2722 τοῖς
672 2657 852 2737 στρατηγοῖς
867 2645 883 2712 ὁ
898 2646 1052 2730 Σεβαστὸς

134 2748 299 2840 διαβαίνειν
321 2754 374 2820 τὸν
393 2752 499 2840 ’Άλβιν
521 2764 658 2844 μετιοῦσι
678 2756 749 2833 τοὺς
770 2761 866 2822 ἐκεῖσε
880 2756 1081 2824 ἀπανιστα-σ

205 2969 246 3020 47.
264 2919 426 3039 γαμαβρίοόοι
439 2971 475 3035 Β,
492 2972 668 3041 γαμαβρίουνοι
684 2971 752 3035 ΒΟΙ,
778 2971 936 3041 Γαμαβρίσιοι
952 2971 1051 3023 Μείνιο-

134 3055 203 3106 Ιιίιιε.
307 3058 348 3109 48.
366 3049 499 3125 σούγαβροι
515 3057 603 3110 ABCL
655 3057 744 3126 χαῦβοι
762 3053 836 3122 libri,
859 3050 973 3128 Χάμαβοι
991 3057 1050 3109 θία-

133 3143 233 3191 verius.
286 3134 412 3209 βσόκτεροι
427 3141 488 3192 Bel.
575 3144 617 3195 49.
635 3139 795 3202 Καλοόκωνες
811 3143 983 3195 Ptolemaeus.

134 3225 175 3276 καί
192 3223 323 3294 καμψισινοί
341 3226 404 3276 libri
420 3231 447 3275 et
463 3226 599 3280 editiones.
618 3227 689 3288 conf.
703 3245 732 3294 p.
751 3230 809 3281 292.
894 3231 934 3281 50.
952 3230 1049 3299 βισουρ-

132 3312 204 3377 γίστα
221 3311 264 3362 καί
279 3312 310 3363 B.
346 3311 509 3380 βισουργίστσιι
525 3313 565 3364 καί
583 3312 619 3364 ol.
689 3315 729 3367 52.
747 3312 884 3382 βουκτέρων
900 3313 962 3368 Bel.

134 3399 175 3448 57.
196 3396 304 3466 βίρχανις
321 3396 353 3463 0,
378 3391 509 3466 Βοόρχανις
535 3395 607 3464 νῆσος
635 3395 659 3448 ἐν
681 3399 713 3468 τῇ
734 3396 849 3468 Κελτικῇ,
876 3395 909 3459 σἰς
930 3394 1048 3470 Στράβων

132 3481 283 3548 Stephanus
299 3483 364 3550 Byz.
384 3484 441 3547 1833
461 3485 475 3536 8
493 3483 572 3535 Mein.

201 3570 226 3633 4,
245 3569 270 3622 3.
286 3561 450 3621 καταλιπόντα
462 3570 494 3620 Α.
529 3571 552 3622 5.
570 3565 767 3641 ἐπανισταμένους
779 3569 849 3636 libri,
867 3586 930 3622 σοιν·
942 3570 1047 3641 θοναερ.

862 3656 898 3707 5*
