2552 4172
359 265 522 308 ντοιιιιιιιιι
544 265 601 309 ιιυ.
624 265 674 308 νιιι
697 265 722 308 c.
745 267 782 309 νι.
968 250 1026 314 139

92 436 161 494 τοῦ
182 436 335 516 ποταμοῦ,
359 426 440 505 ὅστις
462 431 579 518 ρέρετει
599 428 670 518 πρὸς
692 427 829 519 ἄρκτους,
854 423 889 496 οὖ
910 431 1027 520 ἡθέσις

91 546 157 627 τῆς
186 543 334 630 ἐκτροπῆς
361 542 463 627 έπέχει
489 541 592 628 μοίρας
624 566 660 628 μς
682 534 724 628 μδ
747 535 783 622 δ’,
813 540 874 607 ἀπὸ
898 536 931 606 δὲ
953 542 1027 608 ἀνα·
1047 561 1071 605 ιο

92 655 206 714 πολῶν
227 650 329 734 Δακίᾳ
358 649 427 715 κατ’
453 648 548 715 αὐτὸν
571 649 626 715 τὸν
649 651 790 734 Τίβιοκον
811 651 967 740 ποταμόν,
997 653 1029 728 ὃς

92 761 282 848 ἐπιστρέψας
302 760 374 850 πρὸς
397 759 549 836 ἀνατολὰς
572 759 630 826 ὑπὸ
645 761 701 827 τὸν
715 761 885 853 Καρποίτην
899 761 937 827 τὸ
964 760 1029 851 ὅρος

90 871 206 962 λήγει,
236 870 286 960 ἀφ’
320 863 356 937 οὗ
384 875 436 936 καὶ
459 874 602 961 Ιφέρεται·
632 863 668 936 οὗ
692 873 711 962 ἡ
734 875 816 949 θέσις
838 875 939 961 ἐπέχει
960 875 1027 962 μοί-

94 982 349 1072 ρπᾳμί

429 1253 487 1308 IIB.
507 1254 560 1308 VIII
578 1253 649 1309 cAP.
667 1253 708 1307 VI.

403 1372 553 1427 ΕΥΡΩΠΗΣ
577 1373 676 1428 ΠΙΝΑΞ
700 1369 737 1425 Δ’.

165 1493 210 1558 Ὁ
233 1494 379 1579 τέταρτος
400 1487 490 1569 πίναξ
507 1501 562 1581 τῆς
576 1491 721 1582 Εὐρώπης
735 1493 864 1580 περιέχει
879 1493 1027 1582 Γερμα-
1048 1500 1059 1549 1

97 1607 188 1670 νίαν
220 1600 274 1667 σὺν
303 1614 370 1678 ταῖς
397 1605 463 1691 περὶ
490 1601 587 1692 αὐτην
615 1601 726 1692 νήσοις·
761 1602 777 1668 ὁ
807 1595 840 1666 δὲ
863 1595 913 1666 διὰ
935 1606 1026 1691 μέσου

97 1714 203 1780 αὐτοῦ
231 1711 425 1801 παράλληλος
452 1710 545 1801 λόγον
568 1719 630 1801 ἔχει
651 1711 722 1801 πρὸς
744 1711 798 1777 τὸν
821 1713 1026 1802 μεσημβρινόν,

98 1827 137 1891 ὂν
166 1823 210 1888 τὰ
231 1821 262 1912 γ’
285 1821 355 1911 πρὸς
377 1821 420 1886 τοὶ
442 1821 476 1887 ε’.
521 1817 720 1912 περιορίζεται
748 1816 782 1887 δὲ
810 1822 827 1887 ὁ
853 1817 943 1899 πίναξ
965 1822 1061 1889 ἀτδῖ

98 1938 157 2026 μὲν
192 1933 352 1999 ἀνατολῶν
384 1928 495 2011 Ἰοίζυξι
527 1932 743 2008 Μετανάσταις
777 1936 828 1996 καὶ
865 1933 1027 2021 Σαρματίᾳ

97 2055 143 2141 τῇ
168 2050 199 2110 ἐν
221 2042 368 2138 Εὐρώπη,
393 2043 453 2108 ἀπὸ
477 2038 510 2109 δὲ
532 2045 714 2132 μεσημβρίας
734 2041 859 2128 Ῥαιτίᾳ
882 2045 933 2107 καὶ
956 2043 1027 2107 Νω-

100 2164 178 2246 ρικῷ
208 2157 260 2219 καὶ
289 2148 355 2219 δυσὶ
383 2153 577 2235 Παννονίαις,
607 2152 668 2219 ἀπὸ
698 2147 732 2218 δὲ
760 2147 879 2243 δυσμῶν
908 2153 1028 2240 Γαλλίᾳ

100 2275 144 2360 τῇ
168 2265 310 2359 Βελγικῇ,
334 2262 394 2330 ἀπὸ
418 2257 452 2328 δὲ
474 2261 594 2352 ἄρκτων
617 2263 792 2354 Γερμανικῷ
816 2264 948 2348 ὠκεανῷ.
1046 2295 1058 2334 ι

170 2375 240 2440 Τῶν
269 2367 303 2439 δὲ
324 2378 356 2439 έν
378 2382 418 2469 τῇ
440 2375 592 2463 Γερμανίᾳ
615 2368 770 2466 διασημων
792 2375 911 2442 πόλεων
932 2377 951 2466 ἡ
975 2378 1028 2465 μὲν
1046 2395 1060 2445 3

97 2486 255 2575 Ἀμισία
277 2484 334 2574 την
356 2487 502 2574 μεγίστην
523 2485 636 2575 ἡμέραν
659 2493 720 2574 ἔχει
742 2487 825 2572 ὡρῶν
860 2513 883 2562 ις
904 2485 943 2561 λ’,
977 2489 1029 2549 καὶ

103 2591 262 2686 διέστηκεν
283 2589 509 2686 Ἀλεξανδρείας
538 2595 608 2683 πρὸς
637 2588 733 2671 δύσεις
762 2593 849 2684 ὥραις
872 2590 955 2660 δυσὶν
978 2601 1028 2683 έχ-

101 2732 207 2796 γιστα.
250 2706 269 2797 ἡ
301 2700 335 2771 δὲ
364 2707 521 2772 Λουπία
553 2704 610 2796 την
644 2707 789 2795 μεγίστην
821 2705 933 2796 ἡμέραν
967 2712 1028 2794 ἔχει

178 2949 216 3000 10.
236 2965 265 3016 μς
282 2963 317 3016 μα
335 2940 356 2996 δ’
376 2947 408 3007 Α,
427 2964 456 3014 μς
472 2941 495 2997 λ’
515 2947 549 3016 μδ
566 2939 613 2998 λ’δ’
633 2946 676 2996 vel
686 2948 718 3015 μζ
741 2947 774 3016 μδ
791 2939 839 2997 λ’δ’
855 2950 936 3012 putat
950 2945 1029 2996 Gras-

103 3032 201 3094 Itofius.
291 3033 330 3083 13.
348 3029 425 3099 ἐπέχει
442 3031 526 3100 μοίρας
543 3030 622 3096 Αεμῑ,
641 3047 683 3082 om
700 3031 752 3082 Bac.
788 3048 816 3099 μς
834 3048 866 3099 μη
885 3030 917 3081 Α.

178 3120 201 3181 1,
220 3120 244 3168 1.
262 3111 305 3182 τὴν
323 3110 432 3185 μεγάλην
449 3116 521 3183 Γερμ.
538 3133 567 3168 π.
667 3118 690 3179 2,
709 3117 783 3168 2—5.
802 3109 908 3182 ἰάζυγων
925 3107 1029 3184 μετανά-

104 3219 214 3255 στων-
224 3200 359 3270 σαρματίας
374 3202 416 3266 τῆς
433 3197 457 3251 έν
474 3194 523 3267 εὕρ.
558 3198 652 3270 ραιτιασ
669 3201 774 3269 νωρυιοῦ
806 3203 878 3252 Δυων
894 3199 1029 3251 παννονίων

141 3285 249 3355 γαλλίασ
266 3303 307 3352 της
324 3285 436 3355 βελγικῆς
473 3286 620 3354 γερμανικοῦ
636 3281 748 3337 ὠκεανοῦ
767 3285 796 3336 Α.
900 3287 924 3337 4.
942 3284 973 3354 τῇ
991 3277 1031 3334 διὰ

101 3367 196 3439 Ῥήνου
217 3387 272 3423 ποτ.
290 3369 386 3441 Γαλλίᾳ
403 3387 431 3422 α.
536 3372 564 3435 3,
589 3372 612 3422 2.
631 3365 724 3439 ἀμασία
741 3370 779 3434 Α,
799 3365 890 3438 Ἄμισα
912 3369 945 3421 Μ
957 3369 1031 3436 apud

107 3459 199 3524 δευρί.
212 3458 277 3524 Byz.
292 3458 332 3522 85,
346 3459 387 3510 20.
406 3454 477 3518 conf.
493 3458 516 3521 2,
537 3457 578 3518 11,
597 3456 637 3519 28,
656 3457 679 3520 4,
697 3447 804 3522 ἀμάσεια
820 3471 849 3506 π..
913 3457 937 3507 4.
955 3452 1031 3506 λουπ-

104 3542 151 3594 πία
167 3559 196 3595 π.
215 3539 287 3603 conf.
306 3543 331 3607 2,
351 3544 390 3606 11,
409 3541 449 3605 28,
468 3543 493 3593 9.
