2560 4186
265 246 304 309 76
535 264 553 306 ιι
575 261 728 305 ετιιιιιοινιε
748 261 833 304 mmo
855 261 903 305 νιι.

160 396 244 533 ξ’,ίίῖἓ
325 425 406 516 Πρὸς
427 421 461 491 δὲ
482 439 548 504 ταῖς
570 430 707 511 ἐκβολαῖς
730 433 797 508 (τοῦ
809 424 939 517 Ἴστρου)
958 424 1079 516 μεγάλη
1092 426 1179 516 νῆσός

262 542 344 602 ἐστιν
358 537 378 628 ἡ
393 536 514 629 Πεύκη·
529 537 736 626 κατασχόντες
750 531 782 602 δ’
799 537 896 628 αὐτην
910 536 1085 628 Βαστάρναι
1095 538 1179 604 Πευ-

263 661 338 714 κῒνοι
358 648 656 740 προσηγορεύθησαν·
679 652 734 714 εἰσὶ
756 643 790 714 δὲ
811 651 863 714 καὶ
885 645 979 714 ἄλλαι
1000 656 1084 740 νῆσοι
1100 648 1180 715 πολὺ

262 759 420 842 ἐλάττους,
442 767 475 824 αἱ
496 761 549 849 μὲν
571 759 712 851 ἀνωτέρω
733 759 849 850 ταύτης
869 767 903 824 αί
924 753 959 824 δὲ
971 758 1042 850 πρὸς
1055 768 1097 855 τῇ
1118 767 1180 826 θα-

232 869 373 967 5λοίττη.
418 869 609 961 ἑπτάστομος
635 870 694 962 γάρ
715 875 795 936 ἐστι·
825 872 966 961 μέγιστον
988 865 1021 936 δὲ
1042 869 1080 937 τό
1104 870 1181 960 ἱερὸν

262 981 364 1071 στόμα
385 981 579 1071 καλούμενον,
603 976 645 1047 δι’
671 973 707 1048 οὗ
728 976 861 1047 σταδίων
882 980 1035 1058 ἀνάπλους
1055 985 1106 1048 ἐπὶ
1123 981 1181 1072 την

261 1091 384 1182 Πεόκην
400 1091 511 1158 ἑκατὸν
526 1098 644 1174 είκοσιν,
659 1084 693 1183 ἧς
707 1092 842 1160 κατὰτὸ
857 1092 945 1158 κάτω
959 1094 1045 1183 μέρος
1058 1094 1181 1183 έποίησε

261 1201 299 1268 τὸ
314 1197 432 1292 ζεῦγμα
446 1204 583 1293 Δαρεῖος·
606 1197 731 1271 δυ’ναιτο
747 1198 777 1268 δ’
796 1200 835 1269 άν
848 1198 1015 1296 ζευχθῆναι
1029 1207 1082 1269 καὶ
1096 1204 1181 1270 κατά

262 1311 301 1380 τὸ
323 1310 394 1379 ἄνω.
431 1323 527 1381 τοῦτο
550 1308 583 1380 δὲ
597 1319 649 1380 καὶ
663 1314 782 1405 πρῶτόν
797 1319 863 1380 ἐστι
877 1313 978 1403 στόμα
991 1320 1023 1381 έν
1038 1314 1181 1406 άριστερᾶ

222 1439 246 1480 1⁰
263 1425 431 1491 εἰσπλέοντι
460 1433 499 1502 εἰς
525 1424 580 1492 τὸν
602 1424 737 1492 Πόντον·
763 1425 806 1491 τά
832 1420 862 1491 δ’
888 1422 955 1516 ἑξῆς
976 1429 1007 1490 ἐν
1029 1424 1180 1516 παράπλῳ

262 1544 308 1619 τῷ
330 1538 380 1601 ἐπὶ
401 1535 456 1602 τὸν
478 1535 591 1627 Τόραν·
630 1531 723 1625 διέχει
744 1531 773 1601 δ’
799 1536 849 1603 ἀπ’
875 1536 972 1604 αὐτοῦ
993 1536 1032 1604 τὸ
1052 1531 1180 1627 ἕβδομον

263 1645 364 1735 στόμα
377 1650 443 1737 περὶ
458 1649 645 1737 τριακοσίοις
659 1642 808 1726 σταδίους.
844 1649 981 1738 γίνονται
995 1640 1047 1714 οὖν
1063 1643 1181 1738 μεταξὺ

261 1767 324 1824 τῶν
347 1757 511 1848 στομάτων
533 1753 654 1848 νησῖδες.
691 1758 734 1825 τά
756 1760 809 1848 μὲν
831 1753 869 1848 δὴ
891 1761 961 1850 τρία
980 1759 1125 1848 στόματα
1140 1759 1181 1824 τά

262 1865 366 1962 έρεξῆς
387 1878 433 1954 τῷ
456 1877 523 1961 ἱερῷ
545 1867 678 1958 στόματί
700 1874 766 1935 έστι
787 1869 886 1960 μικρά,
909 1869 952 1935 τά
969 1865 1003 1936 δὲ
1014 1872 1111 1938 λοιπά
1124 1880 1182 1938 τοῦ

221 1993 247 2036 1⁵
264 1982 317 2070 μὲν
339 1978 417 2046 πολὺ
439 1979 593 2046 ἐλάττονα
614 1989 678 2045 τῶν
700 1974 734 2046 δὲ
748 1975 883 2070 μείζονα·
914 1979 1040 2073 Ἔφορος
1061 1975 1097 2048 δὲ
1110 2008 1181 2050 πεν-

262 2091 418 2180 τάστομον
440 2097 536 2182 εἴρηκε
558 2090 613 2156 τὸν
631 2089 755 2181 Ἴστρον.
793 2094 935 2158 ἐντεῦθεν
958 2087 989 2158 δ’
1014 2096 1063 2158 ἐπὶ
1080 2093 1181 2185 Τόραν

161 2202 402 2292 ρ.316ποταμόν
423 2200 546 2268 πλωτὸν
568 2201 718 2268 ένακόσιοι
739 2196 871 2268 στάδιοι·
907 2207 939 2268 έν
954 2197 988 2270 δὲ
1001 2212 1047 2288 τῷ
1063 2203 1182 2293 μεταξὺ

262 2309 317 2379 διίο
339 2315 443 2402 λίμναι
464 2311 610 2402 μεγάλαι,
636 2311 656 2402 ἡ
678 2314 732 2402 μὲν
753 2313 927 2404 ἀνεῳγμένη
948 2313 1019 2404 πρὸς
1040 2314 1099 2406 τὴν
1119 2316 1181 2382 θά-

261 2432 382 2490 λατταν
404 2421 483 2488 ὥστε
505 2425 557 2489 καὶ
577 2424 677 2512 λιμένι
695 2430 835 2516 χρῆσθαι,
856 2425 876 2514 ἡ
899 2418 929 2489 δ’
954 2423 1096 2515 ἄστομος.

214 2544 243 2595 11
327 2588 334 2601 ,
359 2587 366 2600 .
390 2587 396 2600 .
421 2587 428 2600 .
450 2534 469 2625 ἡ
493 2528 527 2600 δὲ
549 2534 741 2625 ὑπερκειμένη
761 2543 846 2600 πᾶσα
869 2534 952 2625 χοίρα
973 2544 1031 2602 τοῦ
1052 2541 1180 2627 λεχθέν·
1265 2513 1266 2534 ί

261 2673 313 2724 τος
335 2640 451 2736 μεταξὺ
465 2647 667 2736 Βορυσθένους
689 2647 741 2709 καὶ
757 2642 874 2736 Ἴστρου
895 2646 1000 2737 πρσίτη
1021 2649 1075 2736 μέν
1097 2654 1179 2715 έστιν

261 2758 280 2849 ἡ
301 2765 365 2822 τῶν
385 2759 490 2822 Γετῶν
512 2759 627 2847 ἐρημία,
650 2763 757 2823 ἔπειτα
778 2764 806 2823 οἱ
827 2758 1009 2847 Τυρεγέται,
1035 2759 1104 2847 μεθ’
1131 2763 1180 2838 οὓς

262 2877 289 2936 οἱ
309 2864 442 2957 Ἰάζυγες
463 2867 625 2958 Σαρμάται
645 2871 698 2933 καὶ
720 2875 747 2933 οἱ
768 2868 921 2933 Βασίλειοι
945 2867 1106 2959 λεγόμενοι
1128 2875 1178 2938 καὶ

231 2972 393 3070 σΟὖργοι,
422 2978 461 3045 τὸ
483 2980 537 3068 μέν
558 2980 649 3045 πλέον
671 2972 814 3068 νομάδες,
837 2977 934 3068 ὀλίγοι
955 2973 990 3046 δὲ
1010 2985 1063 3046 καὶ
1083 3008 1177 3073 γεωρ-
1264 3009 1265 3033 ¹

329 3140 359 3210 θ,
379 3145 419 3208 15,
438 3146 460 3195 1.
478 3143 523 3195 τοῦ
537 3137 633 3212 Ἴστρου
651 3142 781 3193 excidisse
794 3148 876 3209 putat
894 3143 1083 3199 Groslmrdius.

263 3231 287 3281 2.
304 3222 409 3281 πεόκινοι
426 3228 459 3290 A,
475 3226 580 3279 πευκίνοι
599 3227 629 3292 0,
646 3227 751 3280 πευκινοί
767 3228 818 3281 Bt?
938 3233 963 3283 7.
982 3230 1056 3282 εἴκοσι
1073 3231 1177 3283 Krome-

261 3329 318 3378 εαε,
336 3329 399 3364 corr
416 3313 570 3365 ΜείπεΙείια.
659 3316 698 3366 17.
716 3307 849 3366 ἐννακόσιοι
867 3313 1015 3367 Κναικενιιι.

332 3403 372 3464 11,
391 3401 415 3452 3.
432 3397 569 3468 τυρρεγέεαι
585 3399 651 3464 ΑΒί,
669 3399 796 3469 τυραγέται
811 3402 882 3465 epia,
899 3398 1017 3468 τυριγέιαι
1034 3399 1070 3452 01

262 3487 286 3537 5.
298 3483 407 3552 Γεωργά
416 3501 467 3550 pro
479 3475 572 3553 Οόργοι
583 3489 676 3551 aperto
693 3484 765 3545 falna
775 3483 912 3536 Μαιιιιενίι·
924 3485 1086 3540 coniectura.
1106 3485 1173 3548 confi

263 3569 483 3634 αὸάμΜ1
