2560 4186
524 237 679 280 annulum.
1044 219 1063 282 3

143 408 227 482 dam,
258 407 344 468 utin
366 407 486 468 licentia
506 405 673 479 vetustatis,
699 404 793 485 pluris
815 405 871 466 deo
894 411 975 466 ortos
995 405 1063 485 plu·

142 518 247 597 risque
268 516 367 596 gentis
394 517 621 597 appellationes,
649 515 760 578 Marsos
783 514 966 578 Gambrivios
988 513 1063 577 Sue·

142 627 199 690 bos
212 627 388 704 ¹Vandilios,
417 628 579 702 affirmant,
609 644 702 706 eaque
723 644 791 688 vera
813 635 843 687 et
864 627 984 705 antiqua
1007 645 1063 687 no-

140 738 233 799 mina.
272 745 406 800 ceterum
429 737 605 800 Germaniae
626 737 801 799 vocabulum
824 755 931 799 reeens
953 745 983 798 et
1004 755 1060 798 nu·
1079 751 1105 794 m

140 866 197 928 per
219 848 360 922 additum,
385 848 526 928 quoniam
548 849 601 928 qui
622 847 710 929 primi
724 847 864 909 Rhenum
885 848 1063 927 transgressi

142 959 243 1020 Gallos
277 957 444 1039 expulerint
475 977 509 1020 ae
543 977 625 1022 nune
659 958 791 1038 Tungri,
824 965 896 1020 tune
924 958 1063 1020 Germani

140 1068 238 1131 vocati
267 1068 337 1130 sint.
381 1069 420 1130 ita
450 1069 579 1132 nationis
608 1087 734 1142 nornen,
764 1087 826 1130 non
856 1069 967 1147 gentis,
996 1087 1062 1130 eva·

140 1180 233 1242 luisse
255 1178 411 1259 paulatim,
434 1187 468 1240 ut
489 1197 593 1241 omnes
615 1179 746 1260 primum
767 1197 784 1240 a
805 1178 915 1240 victore
938 1178 976 1240 ob
998 1197 1061 1241 me·

141 1298 216 1364 tum,
240 1309 311 1351 mox
334 1289 420 1351 etiam
443 1307 460 1350 a
481 1309 514 1353 se
536 1289 609 1370 ipsis
630 1291 751 1352 inventu
778 1289 898 1351 nornine
920 1288 1061 1352 Germani
1079 1303 1105 1346 π

141 1406 331 1462 vocarentur.

208 1509 299 1572 luisse
332 1509 410 1589 apud
444 1528 495 1571 eos
529 1518 558 1571 et
590 1509 748 1572 llereulem
780 1519 960 1586 memorant,
999 1508 1099 1591 pri-3

140 1637 285 1699 mumque
314 1619 447 1682 omnium
475 1620 606 1684 virorum
643 1620 764 1683 fortium
792 1621 861 1682 ituri
889 1621 919 1683 in
950 1621 1063 1702 proelia
1164 1687 1166 1692 ,

143 1739 265 1792 canunt.
320 1738 392 1792 sunt
423 1728 480 1792 illis
512 1731 585 1793 haee
618 1749 737 1811 qunque
770 1732 902 1793 carmina
935 1750 1061 1813 quorum

52 1896 56 1904 .
141 1841 252 1916 relatu,
288 1859 376 1922 quem
408 1840 557 1902 harditum
589 1849 711 1916 vocant,
751 1841 920 1904 ascendunt
948 1843 1061 1905 animos

40 1951 43 1958 “
141 1952 320 2030 futuraeque
348 1967 467 2031 pugnae
495 1952 643 2015 fortunam
671 1952 735 2032 ipso
757 1959 846 2012 cantu
869 1959 1091 2031 augurantur.⁵

142 2070 257 2123 terrent
289 2061 370 2123 enim
401 2062 585 2141 trepidanlre
617 2069 708 2142 prout
741 2061 843 2124 sonuit
876 2062 970 2136 acies,
1004 2077 1061 2123 nea

141 2179 201 2233 tam
223 2172 305 2234 vocis
326 2172 374 2233 ille
396 2189 485 2251 quam
505 2172 623 2234 virtutis
644 2181 809 2234 conuentus
829 2171 953 2234 videtur.
990 2172 1060 2234 alle-

141 2291 238 2344 etatur
265 2282 426 2363 praecipue
455 2283 597 2362 asperitas
627 2283 693 2344 soni
715 2292 746 2344 et
766 2283 893 2345 lraetum
915 2299 1060 2358 murmur,

141 2393 267 2455 obiectis
300 2391 336 2452 ad
369 2410 402 2454 os
433 2392 539 2467 scutis,
574 2411 632 2473 qun
661 2393 779 2474 plenior
806 2402 835 2455 el
862 2393 978 2471 gravior
1004 2412 1060 2455 vox

140 2521 319 2584 repercussu
354 2502 538 2564 intumescat.
589 2511 722 2566 ceterum
751 2512 780 2566 et
807 2502 911 2565 Vlixen
940 2503 1058 2582 quidam
1078 2517 1102 2558 ro

212 2749 252 2800 17.
269 2745 356 2812 plures
375 2744 417 2797 Oe.
461 2743 600 2813 pluresque
617 2745 699 2800 Brea.
820 2749 861 2801 18.
878 2745 1014 2798 Gibriuios
1027 2745 1058 2810 B,
1074 2759 1077 2765 ’

79 2859 81 2864 .
141 2830 291 2897 genbriuios
304 2830 336 2896 B,
353 2829 484 2898 gabrinios
499 2832 522 2896 b,
540 2846 558 2880 v
569 2845 652 2897 eripi-a
662 2845 677 2881 n
688 2831 712 2899 β,
730 2830 886 2898 gambrivios
901 2846 923 2882 a.
959 2829 1057 2884 Sueuos

140 2915 224 2968 nnec.
331 2917 370 2968 19.
388 2913 556 2967 uandaliosb.
592 2930 676 2983 enque
686 2915 713 2969 0.
813 2917 853 2969 22.
873 2916 978 2978 aeBCr,
996 2917 1057 2968 uti.

210 3002 250 3054 23.
269 2998 352 3052 suto.
422 3001 462 3052 25.
480 2998 557 3051 etiam
569 2999 685 3066 Balio,
704 3015 798 3052 ome..
981 3007 985 3019 ¹

208 3083 239 3154 Β,
256 3087 280 3138 2.
298 3083 351 3153 plia
366 3085 389 3150 b,
406 3084 459 3164 plia
476 3083 503 3150 G,
520 3085 617 3151 praelia
631 3101 653 3139 e.
744 3087 768 3137 4.
786 3085 896 3137 baritum
908 3099 990 3152 supra
1002 3083 1059 3136 bar-

140 3169 222 3222 ditum
237 3169 270 3222 0².
360 3169 384 3222 6.
402 3168 488 3222 sonuit
506 3169 594 3222 sonuit
610 3169 636 3224 0.
720 3173 744 3224 7.
761 3169 834 3222 vocis
851 3167 944 3221 ille-
957 3167 1060 3221 videtur

139 3253 299 3319 Rhenanus,
323 3269 403 3307 uoces
425 3253 470 3306 ille
493 3253 547 3324 (ille
565 3269 591 3320 a,
615 3254 660 3308 ille
678 3271 708 3322 (ῃ
733 3255 764 3319 C)
782 3283 816 3292 -
835 3251 954 3306 uidentur
975 3253 1059 3308 Brea.

209 3342 234 3395 8.
252 3339 383 3409 precipiue
400 3339 427 3392 0.
467 3338 563 3392 laetum
579 3356 602 3391 e.
684 3343 707 3394 9.
726 3338 834 3392 obiectis
848 3338 897 3403 Bb,
914 3339 1021 3392 abiectis
1037 3355 1059 3406 a,

139 3423 216 3476 (lictis
234 3423 261 3482 C.
297 3422 329 3476 ad
347 3425 393 3498 tos
407 3423 438 3491 B,
465 3424 529 3477 ades
546 3423 573 3488 θ,
593 3439 665 3476 ome.
738 3428 777 3478 10.
796 3425 883 3476 ulixen
898 3423 941 3488 Ce,
959 3423 1059 3492 Vlyxen

139 3509 171 3575 B,
188 3507 312 3578 Vlyssem
331 3510 367 3574 (ss
385 3511 415 3560 in
433 3510 526 3575 utura)
544 3511 568 3562 b.

871 3593 907 3646 μ
