2552 4172
269 259 310 322 84
492 275 669 321 ssounonu
691 279 786 322 ustas
808 271 893 321 eredo
915 281 957 322 ru.

267 443 311 506 ria
332 459 425 526 pensa
447 454 531 522 sunt,
561 446 650 508 ferire
678 447 794 510 hostem
815 447 980 509 adultarum
1002 447 1185 528 stipendium

241 564 326 633 nest,
360 557 432 619 adeo
464 565 497 622 ut
524 577 586 620 non
614 557 794 639 percussisse
820 577 875 639 pro
904 559 1022 640 flagitio
1041 559 1186 622 habeatur

270 667 368 748 sitque
390 667 453 731 eius
474 687 590 750 poenae
610 669 771 750 virginitas.

179 781 210 837 5.
227 793 253 836 ao
333 779 402 841 inde
428 779 512 842 Asiae
540 780 682 857 confinia,
719 779 776 842 nisi
803 778 855 842 ubl
882 787 1044 860 perpetuae
1073 780 1187 843 hiemes

268 889 373 952 sedent
405 898 434 953 et
461 891 655 954 intolerabilis
682 891 777 971 rigor,
811 890 939 970 Scythici
968 891 1072 971 populi
1100 891 1186 953 inco·

268 1001 348 1077 lunt,
377 1003 440 1064 lere
468 1019 571 1065 omnes
598 1011 630 1064 et
654 1002 685 1065 in
714 1019 808 1064 unum
830 1001 936 1064 Belcae
961 1001 1109 1082 adpellati.
1155 1003 1186 1063 in

226 1147 228 1152 ·
267 1111 394 1174 Asiatico
427 1113 513 1176 litore
544 1113 632 1194 primi
666 1112 851 1194 Hyperborei
885 1131 975 1193 super
1014 1113 1187 1194 aquilonem

238 1222 475 1303 ollipbaeosque
505 1231 622 1286 montes
655 1222 710 1287 sub
744 1225 808 1304 ipso
837 1222 966 1286 siderum
996 1223 1118 1286 cardine
1144 1224 1188 1286 ia-

269 1343 347 1410 cent,
368 1333 420 1395 ubi
442 1334 486 1396 sol
509 1355 571 1397 non
594 1335 701 1398 cotidie
723 1345 756 1397 ut
777 1334 873 1411 nobis,
895 1336 948 1397 sed
968 1335 1099 1415 primum
1119 1353 1189 1398 ver·

268 1463 309 1506 no
340 1445 526 1526 aequinoctio
559 1455 680 1508 exortus
716 1447 877 1509 autumnali
914 1432 1032 1508 demum
1068 1447 1188 1522 occidit,

268 1555 334 1618 ideo
362 1573 413 1618 sex
438 1557 591 1620 mensibus
618 1557 680 1620 dies
710 1568 739 1621 et
766 1557 889 1619 totidem
915 1557 979 1619 aliis
1008 1575 1186 1637 nexusque

224 1682 251 1724 44
269 1667 410 1730 continua
438 1675 482 1730 est
510 1712 548 1731 ..
577 1713 584 1730 .
612 1713 620 1730 ,
647 1669 723 1731 ultra
752 1669 889 1750 Caspium
916 1667 1015 1730 sinum
1044 1667 1186 1748 quidnam

268 1787 345 1846 esset
376 1777 547 1859 ambiguum
579 1779 758 1859 aliquamdiu
790 1780 859 1855 luit,
893 1779 1012 1841 idemne
1047 1779 1187 1842 Oceanus

267 1908 304 1952 an
337 1890 424 1952 tellus
456 1890 563 1952 infesta
594 1890 770 1970 frigoribus,
804 1890 868 1954 sine
901 1888 1013 1952 ambitu
1047 1907 1082 1952 ac
1119 1891 1184 1954 sine

225 2017 251 2059 u
268 2002 327 2063 tine
360 2003 500 2082 proiecta.
550 2000 601 2064 sed
633 2010 751 2083 praeter
783 2002 921 2082 physicos
943 1997 1183 2082 Homerumque,

267 2113 318 2191 qui
347 2112 517 2176 universum
549 2113 651 2175 orbem
678 2113 751 2174 mari
779 2112 993 2174 circumfusum
1014 2131 1079 2174 esse
1102 2112 1184 2174 dixe·

266 2231 352 2299 runt,
383 2223 537 2286 Cornelius
563 2223 662 2304 Nepos
687 2232 722 2285 ut
750 2211 916 2297 recentior,
944 2223 1120 2285 auctoritate
1141 2224 1184 2286 sic

252 2333 390 2411 ¹certior;
412 2341 517 2396 testem
538 2342 636 2396 autem
659 2335 703 2396 rei
718 2335 862 2408 Quintum
876 2333 1026 2396 Metellum
1048 2333 1183 2396 Celerem

237 2442 354 2506 cadicit
377 2449 510 2524 'eumque
537 2445 576 2507 ita
598 2446 746 2510 rettulisse
768 2454 992 2508 commemorat:
1022 2463 1092 2508 cum
1115 2445 1183 2507 Gal·

265 2554 320 2618 liae
348 2573 404 2636 pro
433 2556 556 2618 consule
585 2566 751 2639 praeesset,
780 2557 871 2620 lndos
900 2555 1043 2637 quosdam
1072 2573 1182 2637 arege

266 2664 432 2729 Sueborum
460 2668 541 2730 dono
568 2667 624 2732 sibi
653 2669 749 2747 datos3
781 2669 861 2730 unde
888 2668 920 2730 in
943 2687 992 2730 eas
1013 2675 1108 2730 terras
1130 2667 1182 2728 de·

265 2777 417 2841 venissent
444 2779 625 2860 requirendo
653 2798 813 2861 cognosse,
843 2779 870 2840 vi
898 2778 1118 2860 tempestatium
1147 2797 1181 2840 ex

266 2887 375 2952 Indicis
402 2890 582 2970 aequoribus
609 2888 750 2971 abreptos
771 2906 969 2970 emensosque
991 2907 1067 2970 quae
1087 2889 1181 2952 inter·

224 3012 248 3054 1⁰
266 3010 351 3062 erant
386 3001 504 3062 tandem
541 3001 573 3063 in
607 2985 779 3064 Germaniae
814 3001 901 3066 litora
934 2999 1036 3063 exisse.
1090 3008 1181 3062 restat

266 3129 336 3192 ergo
368 3112 506 3192 pelagus,
538 3113 590 3174 sed
622 3111 735 3193 reliqua
767 3112 868 3176 lateris
900 3111 1030 3176 eiusdem
1063 3110 1180 3174 assiduo

265 3221 333 3301 gelu
355 3222 500 3286 durantur
522 3231 552 3285 et
571 3221 638 3284 ideo
660 3224 774 3285 deserta
795 3232 875 3286 sunt.

334 3383 376 3447 45,
393 3388 417 3437 l.
435 3349 554 3437 batorum
563 3383 588 3434 A
599 3388 626 3434 at
632 3383 757 3451 ploretque
768 3383 826 3449 atat,
840 3381 976 3436 Raetorum
986 3381 1105 3448 Vossius,
1117 3380 1180 3435 Sne-

265 3465 355 3519 borum
372 3469 477 3522 Plinius
491 3482 509 3520 tr
524 3471 581 3522 170.
706 3472 730 3524 8.
748 3470 928 3536 tempestatum
945 3485 975 3521 re.
1100 3469 1124 3520 9.
1140 3466 1178 3520 iu-

265 3541 366 3625 tere²ent
381 3571 414 3625 A.
