2552 4172
227 172 285 236 152
435 189 473 232 oe
496 188 587 231 nstro
610 187 745 232 sorrarco
768 187 926 231 exornem.

223 357 414 419 Celticaruml
443 355 500 417 boc
529 363 624 418 totum
655 354 690 416 ad
714 355 825 418 Claudii
853 355 976 434 gloriam
1002 357 1151 437 pertinet.

224 466 361 529 Claudius
395 475 424 528 et
455 467 611 528 securitate
645 485 708 528 rem
737 464 886 547 publicam
915 475 944 528 et
974 467 1150 546 opulentiae

115 583 117 586 ’
223 577 373 639 nimietate
410 576 537 638 donavit.
593 584 756 657 pugnatum
792 584 946 656 praeterea
983 584 1028 639 est
1064 579 1150 658 apud

223 686 393 768 Byzantios,
426 687 498 767 ipsis
530 687 582 766 qui
615 689 823 768 superfuerant
851 686 999 768 Byzantiis
1027 689 1151 751 fortiter

182 817 206 859 15
222 797 414 872 iacientibus3
447 805 612 878 pugnatum
640 799 717 876 apud
747 798 1041 875 Thessalonicenses,
1069 817 1150 879 quos

224 908 343 970 Claudio
380 907 501 970 absente
539 907 716 970 obsederant
748 907 880 985 barbari3
913 917 1080 989 pugnatum
1112 911 1147 971 in

222 1018 345 1080 diversis
380 1016 553 1098 regionibus
590 1027 620 1080 et
654 1017 766 1099 ubique
803 1019 942 1100 auspiciis
978 1019 1148 1082 Claudianis

223 1128 291 1200 victi
313 1137 383 1191 sunt
406 1128 502 1190 Gothi.

172 1256 204 1310 11
288 1237 484 1300 Antiochiano
517 1246 548 1299 et
575 1237 668 1301 Orfito
701 1238 874 1302 consulibus
900 1239 1029 1320 auspicia
1059 1240 1146 1302 Glau-

224 1349 311 1410 diana
344 1349 425 1409 lavor
457 1347 574 1410 divinus
602 1349 719 1411 adiuvit.
769 1368 837 1411 uam
866 1367 934 1412 cum
964 1369 996 1412 se
1026 1350 1145 1412 Haemi-

223 1468 359 1520 montum
395 1459 551 1521 multitudo
588 1457 781 1521 barbararum
817 1459 949 1539 gentium
985 1478 1063 1539 quae
1095 1480 1145 1523 su-

223 1569 397 1650 perfuerant
418 1569 615 1644 contulisset,
648 1569 708 1631 illic
741 1570 780 1631 ita
811 1570 887 1632 lame
916 1588 950 1630 ac
978 1570 1146 1650 pestilentia

190 1678 366 1743 elaboravit
397 1688 430 1741 ut
463 1679 520 1741 iam
550 1679 688 1742 Claudius
719 1679 930 1760 dedignaretur
959 1689 988 1742 et
1013 1681 1145 1744 vincere.
1223 1720 1226 1726 ·

223 1789 351 1870 denique
379 1791 498 1852 linitum
525 1798 569 1852 est
598 1790 793 1871 asperrimum
811 1788 932 1852 ‘bellum
954 1798 1145 1870 terroresque

224 1901 350 1964 Romani
372 1901 502 1964 nominis
522 1909 594 1962 sunt
616 1901 739 1980 depulsi.
885 1982 887 1985 r

287 2030 355 2074 vera
387 2011 445 2074 diei
477 2010 550 2073 fides
582 2011 678 2091 cogit,
716 2010 803 2073 simul
836 2018 870 2072 ut
902 2011 997 2073 sciant
1029 2010 1061 2072 hi
1094 2010 1145 2090 qui

225 2121 390 2184 adulatores
423 2140 479 2183 nos
508 2121 655 2182 aestimari
684 2120 823 2202 cupiunt,
857 2121 887 2182 id
914 2120 994 2200 quod
1023 2121 1145 2183 historia

184 2242 208 2284 10
226 2231 282 2291 diei
314 2230 443 2310 postulat
476 2250 538 2292 non
570 2239 677 2292 tacere.
733 2250 780 2300 eo,
803 2239 936 2310 tempore
970 2249 1029 2310 quo
1062 2239 1144 2311 parta

225 2346 270 2402 est
301 2339 389 2419 plena
416 2340 537 2402 victoria
571 2341 705 2421 plerique
733 2340 839 2402 milites
867 2340 980 2402 Claudii
1007 2341 1145 2404 secundis

224 2451 315 2520 rebus
348 2451 429 2527 elati,
463 2469 539 2530 quae
571 2451 750 2532 sapientium
783 2470 903 2530 quoque
935 2451 1051 2514 animos
1079 2451 1144 2514 lati·

225 2570 312 2641 gant‚
341 2562 379 2624 ita
408 2563 438 2623 in
466 2561 605 2641 praedam
634 2561 709 2623 versi
738 2569 810 2624 sunt
836 2570 869 2623 ut
895 2581 956 2623 non
980 2562 1144 2643 cogitarent

225 2672 447 2752 apaueissimis
475 2691 506 2735 se
535 2690 623 2752 posse
651 2671 765 2752 fatigari
793 2671 863 2733 dum
887 2672 1022 2752 occupati
1045 2673 1142 2734 animo

184 2790 209 2832 1⁵
226 2791 315 2862 atque
342 2783 519 2863 corporibus
546 2781 710 2845 avertendis
737 2781 855 2862 praedis
877 2782 1050 2844 inserviunt.
1095 2782 1143 2843 de·

227 2893 318 2974 nique
351 2893 381 2955 in
415 2893 477 2973 ipsa
502 2892 621 2956 victoria
654 2910 749 2973 prope
783 2894 841 2955 duo
869 2893 948 2954 milia
975 2892 1101 2954 militum
1128 2909 1143 2952 a

298 3089 336 3140 tt.
355 3086 472 3153 superius
497 3084 597 3138 luerent
656 3084 802 3153 byzantinis
819 3085 849 3138 B.
955 3087 994 3138 15.
1018 3082 1144 3136 thessolo·

229 3179 347 3233 nicenses

296 3273 341 3343 11,
360 3276 381 3326 1.
401 3270 530 3337 atticiano,
549 3287 612 3324 com·
628 3271 863 3339 Eyssenhardtius.
958 3274 982 3326 9.
1000 3284 1051 3324 non
1070 3269 1145 3322 aesti-

227 3365 290 3418 mari
308 3366 344 3431 B,
369 3365 498 3418 aestimari
515 3379 563 3417 nos
580 3363 623 3417 11².
751 3367 790 3418 10.
809 3364 923 3432 postolat
1042 3365 1084 3420 ta.
1102 3376 1145 3413 an-

229 3471 277 3511 nos
294 3459 326 3524 B,
343 3458 443 3511 animos
460 3457 503 3511 B².
609 3460 648 3512 16.
666 3456 800 3526 praesidiis
