2560 4186
487 256 641 302 omasum.
975 241 1013 303 41

105 434 200 503 scuta,
222 425 313 489 tincta
336 444 477 507 corpora,
499 433 577 488 atras
598 428 635 488 ad
656 425 769 507 proclia
791 433 894 489 noctes
914 425 1019 504 legunt

103 539 223 619 ipsaque
244 537 405 600 tormidine
426 544 514 616 atque
537 535 641 599 umbra
668 535 767 599 feralis
788 536 936 598 exercitus
956 543 1016 598 ter·
1034 554 1059 596 aa

102 668 199 712 rorem
229 648 377 724 inierunt,
404 647 486 710 nulio
512 647 642 711 hostium
663 648 831 711 sustinente
853 665 963 709 novum
984 665 1018 708 ac

102 759 179 822 velot
209 760 364 822 internum
396 766 564 840 aspectum:
598 778 666 822 nam
699 759 786 840 primi
819 759 850 820 in
880 757 1019 821 omnibus

101 871 221 952 proeliis
248 870 328 933 oculi
357 869 527 933 vincuntur.
570 878 653 934 trans
674 869 782 952 ngios
811 869 942 932 Gotones
969 888 1017 932 re·

78 1013 80 1019 v
102 989 246 1063 guantur,
275 981 364 1061 paulo
393 981 451 1044 iam
473 980 627 1045 adductius
650 1000 737 1062 quam
759 988 875 1044 ceterae
896 980 1017 1043 Germa-

103 1113 209 1156 norum
245 1100 368 1174 gentes,
411 1093 546 1154 nondum
581 1101 680 1156 tamen
717 1111 807 1173 supra
842 1091 1016 1154 libertatem.
1034 1111 1060 1152 ao

101 1204 239 1286 protinus
267 1203 374 1266 deinde
402 1203 439 1265 ab
462 1203 582 1266 Oceano
603 1203 691 1284 Rugii
719 1211 750 1267 et
770 1203 909 1265 Lemovii.
953 1220 1018 1264 om·

103 1315 244 1395 niumque
265 1315 371 1376 harum
392 1313 525 1393 gentium
547 1314 665 1394 insigne
686 1314 814 1377 rotunda
834 1326 926 1390 scuta,
948 1313 1017 1376 hro·

102 1445 150 1489 res
170 1424 261 1506 gladii
282 1433 312 1487 et
334 1441 402 1504 erga
424 1442 510 1505 reges
533 1425 718 1505 obsequium.

38 1515 48 1529 ’
163 1537 311 1600 Suionum
332 1534 403 1597 hinc
424 1535 570 1611 civitates,
599 1537 664 1617 ipso
691 1537 722 1599 in
738 1535 874 1612 Oceano,
901 1540 1071 1616 praeterit

104 1648 179 1710 siros
211 1663 352 1725 armaque
386 1646 528 1710 classibus
555 1648 662 1710 valent.
711 1647 806 1709 forma
835 1646 953 1708 navium
982 1667 1018 1709 eo

103 1759 199 1821 differt
221 1757 301 1838 quod
324 1756 465 1837 utrinque
487 1777 576 1838 prora
597 1765 729 1839 paratam
749 1775 868 1838 semper
882 1758 1019 1838 appulsui

79 1851 233 1932 ‘frontem
265 1867 334 1948 agit.
385 1887 441 1931 nec
468 1869 540 1932 velis
571 1869 742 1931 ministrant
769 1887 825 1930 nec
857 1886 956 1930 remos
985 1868 1016 1929 iu

105 1981 236 2043 ordinem
259 1978 401 2042 lateribus
422 1979 601 2060 adiungunt:
627 1980 765 2054 solutum,
788 1978 873 2040 utin
896 1978 1050 2058 quibus-s

54 2141 55 2146 1
105 2093 168 2154 dam
201 2089 373 2165 fluminum,
408 2098 437 2152 et
468 2090 624 2164 mutabile,
662 2099 697 2152 ut
727 2109 776 2153 res
807 2090 918 2171 poscit,
950 2089 1022 2151 hinc

104 2205 148 2266 rel
167 2203 252 2265 illinc
274 2200 442 2280 remigium.
479 2208 524 2264 est
544 2202 623 2282 apud
645 2201 711 2264 illos
733 2209 762 2263 et
784 2200 891 2282 opibus
910 2191 1023 2278 honos;

106 2333 198 2394 eoque
223 2331 302 2374 unus
323 2311 489 2393 imperitat,
513 2313 602 2375 nuliis
623 2311 680 2374 iam
702 2311 936 2393 exceptionibus,
959 2333 1021 2375 non

106 2424 238 2507 precario
266 2423 331 2485 inre
357 2423 491 2504 parendi.
535 2441 592 2484 nec
620 2441 715 2500 arma,
745 2433 778 2485 ut
805 2424 884 2504 apud
906 2430 1022 2485 ceteros

107 2537 282 2610 Germanos,
316 2534 347 2596 in
380 2533 569 2614 promiscuo,
601 2534 653 2596 sed
679 2533 776 2596 clausa
805 2533 861 2596 sub
888 2534 1019 2608 custode,
1040 2545 1063 2586 ¹⁰

172 2706 215 2757 aa
233 2700 313 2768 snum
327 2702 354 2755 e.
452 2705 492 2756 ss.
511 2701 602 2756 temris
616 2702 642 2756 o.
741 2665 895 2756 notans
907 2704 932 2770 s.

108 2784 264 2838 substinente
276 2798 299 2836 o.
396 2786 437 2838 28.
454 2783 550 2850 Lygios
561 2783 629 2850 BCc,
646 2783 730 2851 legios
742 2785 766 2836 t.
801 2785 930 2850 gothones
939 2783 1023 2836 Bch.

115 2883 118 2890 ·
155 2866 294 2932 regnantur
306 2881 332 2929 c,
355 2866 448 2932 regnet
459 2864 515 2930 BG,
538 2867 647 2931 regnent
659 2866 683 2918 d.
801 2866 846 2972 ἐξ).
864 2864 982 2919 aductius
996 2865 1024 2920 0.

173 2987 215 3039 30.
232 2998 284 3036 nou
303 2999 345 3036 om
358 3000 386 3049 o,
410 2983 470 3036 dom
488 2999 531 3035 om
544 2982 571 3038 0.
688 2986 732 3039 31.
751 2985 873 3050 protenus
884 2984 916 3036 B.
978 2982 1024 3035 Le·

110 3067 184 3120 monii
194 3065 263 3132 Boo,
280 3065 385 3118 lemonii
397 3066 422 3129 d,
439 3079 457 3115 v
472 3080 555 3132 supra
574 3081 591 3117 u
604 3068 706 3132 poscit,
723 3065 770 3116 aad
786 3066 816 3116 in
834 3066 959 3131 margine
977 3061 1023 3114 Le-

110 3147 182 3200 mouii
195 3148 220 3215 β.

171 3225 222 3296 44,
240 3229 264 3280 1.
282 3223 335 3294 ἰρ”ο
349 3225 397 3292 Oc,
419 3224 471 3293 ip‘e
482 3227 519 3293 B,
541 3227 613 3294 ipsae
625 3228 649 3279 t.
702 3240 814 3280 occeano
828 3225 874 3293 dc,
897 3240 1023 3278 occanum

110 3309 154 3375 rt,
170 3323 203 3361 no
221 3323 305 3374 supra
323 3306 467 3373 odscn‘paa't
478 3307 502 3375 β.
588 3310 611 3362 3.
630 3307 706 3376 utriq;
727 3307 753 3362 θ.
840 3310 864 3360 4.
883 3306 967 3358 fronte
981 3307 1024 3360 Ge.

141 3389 316 3443 ministrantur
328 3387 400 3452 libri,
422 3390 545 3440 corrosit
560 3387 676 3456 Lamnus.
755 3390 779 3440 Ἰ.
798 3388 840 3440 vel
857 3386 900 3440 hic
916 3387 987 3440 illinc
1000 3389 1024 3452 d,

112 3471 150 3523 vel
166 3468 256 3522 illhinc
269 3484 290 3521 c.
395 3469 418 3522 8.
437 3483 488 3520 non
500 3467 555 3538 nt,
573 3484 621 3522 nec
634 3470 676 3523 Ge.
781 3471 821 3521 10.
839 3469 866 3522 in
883 3469 947 3536 noe,
964 3484 1022 3538 neq;

114 3551 138 3606 C.
168 3549 297 3619 promisco
307 3565 329 3603 c.
