2560 4186
274 227 314 288 74
545 245 563 286 E
585 242 739 288 ετιωοονιε
759 242 843 286 muno
865 242 913 286 vn.

271 407 364 495 τέρων
395 399 516 483 οὐδένας
545 411 628 497 ίσμεν
650 408 706 474 τὸν
727 407 905 497 παράπλουν
926 415 1038 473 τοῦτον
1059 431 1183 497 πεποιη-

269 517 374 606 μένους
394 516 465 608 πρὸς
486 516 528 582 τά
550 518 664 584 ἑωθινά
685 521 757 610 μέρη
779 519 822 584 τὰ
843 521 929 609 μέχρι
949 527 1006 584 τοῦ
1032 517 1184 608 στόματος

269 635 323 718 τῆς
337 628 477 706 Κασπίας
491 628 660 720 θαλάττης,
682 627 747 695 οὐθ’
766 638 794 695 οἱ
806 630 955 719 Ῥωμαῖοί
969 656 1018 697 πω
1032 635 1184 721 προῆλθον

227 763 251 806 10
269 747 308 816 εἰς
330 739 373 805 τά
394 742 559 830 περαιτέρω
580 749 637 806 τοῦ
648 737 785 825 Ἄλβιος·
808 741 847 818 ὡς
862 735 891 806 δ’
910 739 1010 818 αὐτως
1026 735 1096 806 οὐδὲ
1110 735 1184 835 πεζῇ

267 844 494 940 παρωδεύκασιν
517 845 640 929 οὐδένες.
678 851 745 917 ἀλλ’
771 849 894 941 ὅτιμὲν
916 850 999 916 κατά
1013 860 1107 942 μῆκος
1123 859 1183 918 ἰοῦ-

267 987 312 1026 σιν
334 964 384 1027 έπὶ
405 961 462 1053 τὴν
485 963 525 1027 ἕω
547 961 589 1027 τά
611 961 694 1028 κατὰ
715 962 769 1028 τὸν
791 964 963 1054 Βορυσθένη
985 965 1037 1028 καὶ
1056 961 1100 1027 τά
1114 961 1184 1052 πρὸς

267 1077 372 1163 βορρᾶν
395 1073 491 1163 [μέρη]
520 1082 576 1138 τοῦ
599 1072 721 1140 Πόντου
749 1077 844 1165 χωρία
866 1075 1004 1160 ἀπαντᾷ,
1034 1067 1128 1164 δῆλον
1150 1077 1185 1138 ἐκ

265 1192 329 1248 τῶν
350 1181 507 1272 κλιμάτων
527 1187 655 1250 καὶτῶν
670 1185 872 1276 παραλλήλων
887 1181 1116 1275 διαστημάτων.
1152 1187 1185 1250 τί

226 1327 249 1368 15
265 1287 297 1358 δ’
323 1296 389 1359 ἐστὶ
409 1296 501 1385 πέραν
523 1304 578 1385 τῆς
599 1297 763 1387 Γερμανίας
784 1300 836 1363 καὶ
858 1299 890 1362 τί
910 1306 973 1362 τῶν
995 1293 1100 1361 άλλων
1121 1303 1184 1360 τῶν

265 1399 341 1496 ἑξῆς,
364 1411 426 1472 είτε
445 1404 621 1497 Βαστάρνας
643 1407 699 1498 χρὴ
721 1410 834 1497 λέγειν,
857 1409 896 1484 ὡς
919 1415 946 1473 οἱ
967 1408 1087 1482 πλείους
1110 1407 1183 1471 ὑπο-

265 1525 390 1600 νοοῦσιν,
412 1517 465 1583 είτ’
491 1514 601 1594 άλλους
620 1513 736 1606 μεταξὺ
750 1515 770 1608 ἦ
784 1513 922 1608 Ἰάζυγας
940 1513 1184 1608 ἧῬωξολανούς

263 1625 284 1718 ἤ
298 1655 382 1706 τινας
397 1625 508 1705 ἄλλους
522 1636 584 1693 τῶν
600 1625 772 1717 άμαξοίκων
788 1628 823 1694 οὐ
838 1622 937 1719 ρ’άδιον
952 1636 1052 1711 εἰπεῖν,
1077 1622 1140 1694 οὐδ’
1158 1636 1185 1694 εἰ

264 1742 349 1830 μέχρι
370 1748 427 1807 τοῦ
450 1739 584 1805 ὠκεανοῦ
605 1738 772 1830 παρήκουσι
792 1739 875 1830 παρά
895 1749 955 1806 πᾶν
977 1739 1015 1805 τὸ
1037 1747 1141 1830 μῆκος,
1163 1735 1183 1829 ἢ

221 1878 246 1921 νο
264 1858 328 1918 ἔστι
350 1877 382 1916 τι
403 1851 547 1942 ἀοίκητον
570 1849 627 1916 ὑπὸ
649 1850 760 1939 ψύχους
778 1847 798 1940 ἦ
813 1847 907 1940 άλλης
921 1852 1029 1932 αἰτίας,
1051 1847 1114 1941 ἢεί
1129 1853 1182 1915 καὶ

262 1965 346 2054 γένος
367 1962 534 2051 ἀνθρώπων
557 1959 634 2028 άλλο
656 1956 832 2050 διαδέχεται
853 1957 969 2052 μεταξύ
987 1969 1041 2052 τῆς
1054 1961 1181 2027 θαλάτ-

262 2099 316 2164 τρς
337 2077 389 2139 καὶ
411 2082 473 2138 τῶν
495 2072 579 2158 ἑῴων
593 2075 752 2163 Γερμανῶν
775 2068 934 2163 ἱδρυμένον.
972 2081 1068 2138 τοῦτο
1091 2067 1127 2138 δὲ
1140 2073 1181 2139 τὸ

262 2183 340 2249 αὐτὸ
363 2183 503 2275 ἀγνόημα
524 2187 576 2250 καὶ
597 2186 662 2271 περὶ
683 2192 746 2249 τῶν
768 2181 869 2249 ἄλλων
891 2191 954 2248 τῶν
968 2178 1073 2274 ἐφεξῆς
1087 2209 1179 2274 προσ-

262 2295 391 2384 αρκτίων
413 2297 521 2384 ἐπέχει.
559 2291 632 2360 οὐτε
653 2293 711 2385 γάρ
732 2295 804 2372 τούς
819 2293 995 2385 Βαστάρνας
1017 2291 1090 2360 οὐτε
1106 2294 1180 2371 τούς

218 2425 243 2468 25
261 2405 461 2496 Σαυρομάτας
483 2409 535 2471 καὶ
557 2406 659 2482 ἁπλῶς
677 2404 748 2482 τούς
763 2407 834 2497 ὑπὲρ
848 2414 905 2471 τοῦ
919 2404 1044 2470 Πόντου
1060 2412 1179 2472 οἰκοῦν-

259 2545 315 2595 τας
336 2523 429 2608 ίσμεν,
453 2515 523 2583 οὐθ’
549 2515 658 2584 ὁπόσον
673 2515 818 2606 ἀπέχουσι
832 2525 886 2609 τῆς
898 2516 1102 2606 Ἀτλαντικῆς
1115 2523 1177 2582 θα-

259 2627 386 2719 λάττης,
409 2626 471 2695 οὐτ’
497 2636 524 2694 εἰ
544 2627 743 2694 συνάπτουσιν
766 2628 854 2724 αὐτῇ.

329 2883 353 2933 ἵ.
372 2876 469 2940 οὐδένας
485 2879 555 2932 BCE
565 2877 720 2943 Μοίηείιίαε,
739 2873 825 2931 οὐδένα
843 2876 986 2929 Kramoms
1002 2891 1062 2929 οιακ
1081 2879 1179 2930 ceteris

260 2973 343 3026 libris.
387 2973 557 3045 πεποιημένους
573 2974 598 3026 Ε
615 2978 642 3024 et
658 2974 800 3027 Paridem.
819 2973 884 3026 1396
902 2971 1057 3038 Meinekius,
1074 2989 1176 3039 πεποιη-

258 3067 329 3137 μένον
347 3071 435 3121 σείοντ’.
506 3070 545 3122 13.
563 3067 621 3137 μέρη
639 3071 774 3120 eiecerunt
790 3067 968 3132 casaubonus,
987 3065 1093 3133 eomes,
1109 3066 1176 3118 Met·-

257 3161 360 3214 nekius.
401 3157 497 3215 ἅπαντα
514 3162 585 3229 libri,
604 3178 666 3214 corr
685 3162 861 3214 Οαεααίοιιια.
910 3209 913 3218 ,
967 3162 1006 3213 17.
1024 3151 1064 3212 εἶτ’
1083 3157 1177 3222 ἄλλους

258 3250 346 3325 μεταξύ
365 3273 406 3309 om
425 3256 451 3309 C.
503 3249 650 3326 ῥαξυλανούς
666 3260 692 3305 et
709 3257 738 3306 in
755 3257 878 3320 margine
896 3251 1028 3325 ῥαξναλους
1043 3254 1093 3320 Al,
1110 3253 1175 3324 ῥαξι-

256 3344 358 3410 νάλνους
368 3352 399 3416 Β,
418 3343 567 3420 ῥαξανάλους
585 3349 610 3402 0.
630 3347 701 3411 conf.
716 3365 743 3416 p.
760 3351 810 3402 114
827 3344 1021 3420 ῥοξολάνοιΑΕ,
1038 3343 1175 3418 ῥωξολάνοι

257 3442 319 3497 Bel.
398 3447 438 3498 18.
455 3441 623 3514 ἁμαξικῶνθ.
711 3445 751 3499 19.
768 3436 885 3512 παράπαν
901 3443 973 3495 Bel?
1059 3445 1100 3496 24.
1119 3439 1172 3496 έπέ-

257 3555 294 3606 χει
309 3537 459 3591 Meinekim
477 3555 512 3592 αα
528 3539 657 3591 Kramm'
674 3539 838 3602 coniectura,
856 3534 937 3606 ἔλεγεν
955 3537 1025 3590 libri.
