<?xml version="1.0" encoding="UTF-8"?>
<!DOCTYPE html PUBLIC "-//W3C//DTD XHTML 1.0 Transitional//EN"
    "http://www.w3.org/TR/xhtml1/DTD/xhtml1-transitional.dtd">
<html xmlns="http://www.w3.org/1999/xhtml" xml:lang="en" lang="en">
 <head>
  <title>
</title>
<meta http-equiv="Content-Type" content="text/html;charset=utf-8" />
  <meta name='ocr-system' content='tesseract 3.04.00' />
  <meta name='ocr-capabilities' content='ocr_page ocr_carea ocr_par ocr_line ocrx_word'/>
</head>
<body>
  <div class='ocr_page' id='page_1' title='image "./germaniaantiqua00tacigoog_0016.png"; bbox 0 0 2560 4186; ppageno 0'>
   <div class='ocr_carea' id='block_1_1' title="bbox 526 241 1067 301">
    <p class='ocr_par' dir='ltr' id='par_1_1' title="bbox 526 241 1067 301">
     <span class='ocr_line' id='line_1_1' title="bbox 526 241 1067 301; baseline 0.006 -3"><span class='ocrx_word' id='word_1_1' title='bbox 526 254 680 298; x_wconf 74' lang='lat' dir='ltr'><strong>annulum.</strong></span> <span class='ocrx_word' id='word_1_2' title='bbox 1048 241 1067 301; x_wconf 80' lang='lat'><strong>5</strong></span> 
     </span>
    </p>
   </div>
   <div class='ocr_carea' id='block_1_2' title="bbox 145 422 1068 614">
    <p class='ocr_par' dir='ltr' id='par_1_2' title="bbox 145 422 1068 614">
     <span class='ocr_line' id='line_1_2' title="bbox 146 422 1068 504; baseline 0.002 -20"><span class='ocrx_word' id='word_1_3' title='bbox 146 423 257 486; x_wconf 87' lang='lat' dir='ltr'><strong>laboris</strong></span> <span class='ocrx_word' id='word_1_4' title='bbox 290 430 378 502; x_wconf 88' lang='lat' dir='ltr'><strong>atque</strong></span> <span class='ocrx_word' id='word_1_5' title='bbox 411 440 536 503; x_wconf 88' lang='lat' dir='ltr'><strong>operum</strong></span> <span class='ocrx_word' id='word_1_6' title='bbox 568 442 630 484; x_wconf 92' lang='lat' dir='ltr'><strong>non</strong></span> <span class='ocrx_word' id='word_1_7' title='bbox 661 422 762 484; x_wconf 87' lang='lat' dir='ltr'><strong>eadent</strong></span> <span class='ocrx_word' id='word_1_8' title='bbox 790 422 947 504; x_wconf 80' lang='lat' dir='ltr'><strong>patientia3</strong></span> <span class='ocrx_word' id='word_1_9' title='bbox 979 424 1068 486; x_wconf 92' lang='lat' dir='ltr'><strong>mini·</strong></span> 
     </span>
     <span class='ocr_line' id='line_1_3' title="bbox 145 533 1068 614; baseline 0 -18"><span class='ocrx_word' id='word_1_10' title='bbox 145 553 255 614; x_wconf 87' lang='lat' dir='ltr'><strong>meque</strong></span> <span class='ocrx_word' id='word_1_11' title='bbox 282 533 362 595; x_wconf 91' lang='lat' dir='ltr'><strong>sitim</strong></span> <span class='ocrx_word' id='word_1_12' title='bbox 390 544 564 612; x_wconf 78' lang='lat' dir='ltr'><strong>aestumque</strong></span> <span class='ocrx_word' id='word_1_13' title='bbox 591 533 733 609; x_wconf 83' lang='lat' dir='ltr'><strong>tolerare,</strong></span> <span class='ocrx_word' id='word_1_14' title='bbox 766 533 877 614; x_wconf 84' lang='lat' dir='ltr'>frigora</span> <span class='ocrx_word' id='word_1_15' title='bbox 905 542 993 613; x_wconf 86' lang='lat' dir='ltr'><strong>atquc</strong></span> <span class='ocrx_word' id='word_1_16' title='bbox 1021 534 1068 596; x_wconf 92' lang='lat' dir='ltr'><strong>in·</strong></span> 
     </span>
    </p>
   </div>
   <div class='ocr_carea' id='block_1_3' title="bbox 70 635 1111 707">
    <p class='ocr_par' dir='ltr' id='par_1_3' title="bbox 70 635 1111 707">
     <span class='ocr_line' id='line_1_4' title="bbox 70 635 1111 707; baseline -0.005 0"><span class='ocrx_word' id='word_1_17' title='bbox 70 635 74 642; x_wconf 75' lang='grc'><strong>’</strong></span> <span class='ocrx_word' id='word_1_18' title='bbox 146 645 242 707; x_wconf 90' lang='lat' dir='ltr'><strong>ediam</strong></span> <span class='ocrx_word' id='word_1_19' title='bbox 265 645 346 705; x_wconf 91' lang='lat' dir='ltr'><strong>caelo</strong></span> <span class='ocrx_word' id='word_1_20' title='bbox 369 645 470 706; x_wconf 87' lang='lat' dir='ltr'><strong>solove</strong></span> <span class='ocrx_word' id='word_1_21' title='bbox 490 651 656 706; x_wconf 87' lang='lat' dir='ltr'><strong>assuerunt.</strong></span> <span class='ocrx_word' id='word_1_22' title='bbox 1087 661 1111 702; x_wconf 82' lang='lat' dir='ltr'><strong>ro</strong></span> 
     </span>
    </p>
   </div>
   <div class='ocr_carea' id='block_1_4' title="bbox 146 753 1103 945">
    <p class='ocr_par' dir='ltr' id='par_1_4' title="bbox 146 753 1103 945">
     <span class='ocr_line' id='line_1_5' title="bbox 210 753 1103 835; baseline -0.001 -18"><span class='ocrx_word' id='word_1_23' title='bbox 210 763 291 817; x_wconf 88' lang='lat' dir='ltr'><strong>terra</strong></span> <span class='ocrx_word' id='word_1_24' title='bbox 320 755 374 816; x_wconf 87' lang='lat' dir='ltr'><strong>etsi</strong></span> <span class='ocrx_word' id='word_1_25' title='bbox 403 754 553 834; x_wconf 85' lang='lat' dir='ltr'><strong>aliquanto</strong></span> <span class='ocrx_word' id='word_1_26' title='bbox 580 754 679 835; x_wconf 84' lang='lat' dir='ltr'><strong>specie</strong></span> <span class='ocrx_word' id='word_1_27' title='bbox 705 754 816 828; x_wconf 85' lang='lat' dir='ltr'><strong>diliert,</strong></span> <span class='ocrx_word' id='word_1_28' title='bbox 843 753 874 815; x_wconf 94' lang='lat' dir='ltr'><strong>in</strong></span> <span class='ocrx_word' id='word_1_29' title='bbox 897 753 1103 818; x_wconf 72' lang='lat' dir='ltr'><strong>universumo</strong></span> 
     </span>
     <span class='ocr_line' id='line_1_6' title="bbox 146 863 1068 945; baseline 0.001 -18"><span class='ocrx_word' id='word_1_30' title='bbox 146 873 246 927; x_wconf 89' lang='lat' dir='ltr'><strong>tamen</strong></span> <span class='ocrx_word' id='word_1_31' title='bbox 281 873 333 927; x_wconf 88' lang='lat' dir='ltr'><strong>aut</strong></span> <span class='ocrx_word' id='word_1_32' title='bbox 359 864 438 927; x_wconf 84' lang='lat' dir='ltr'><strong>silvis</strong></span> <span class='ocrx_word' id='word_1_33' title='bbox 466 864 586 926; x_wconf 90' lang='lat' dir='ltr'><strong>horrida</strong></span> <span class='ocrx_word' id='word_1_34' title='bbox 613 873 665 926; x_wconf 89' lang='lat' dir='ltr'><strong>aut</strong></span> <span class='ocrx_word' id='word_1_35' title='bbox 691 863 848 945; x_wconf 90' lang='lat' dir='ltr'><strong>paludibus</strong></span> <span class='ocrx_word' id='word_1_36' title='bbox 876 865 977 942; x_wconf 82' lang='lat' dir='ltr'><strong>foeda,</strong></span> <span class='ocrx_word' id='word_1_37' title='bbox 1011 865 1068 928; x_wconf 92' lang='lat' dir='ltr'><strong>hu·</strong></span> 
     </span>
    </p>
   </div>
   <div class='ocr_carea' id='block_1_5' title="bbox 47 975 1068 1056">
    <p class='ocr_par' dir='ltr' id='par_1_5' title="bbox 47 975 1068 1056">
     <span class='ocr_line' id='line_1_7' title="bbox 47 975 1068 1056; baseline 0.003 -20"><span class='ocrx_word' id='word_1_38' title='bbox 47 995 54 1002; x_wconf 71' lang='lat'><strong><em>¹</em></strong></span> <span class='ocrx_word' id='word_1_39' title='bbox 146 975 255 1037; x_wconf 90' lang='lat' dir='ltr'><strong>midior</strong></span> <span class='ocrx_word' id='word_1_40' title='bbox 284 992 342 1055; x_wconf 88' lang='lat' dir='ltr'><strong>qua</strong></span> <span class='ocrx_word' id='word_1_41' title='bbox 364 975 484 1050; x_wconf 84' lang='lat' dir='ltr'><strong>Gallias,</strong></span> <span class='ocrx_word' id='word_1_42' title='bbox 511 975 662 1038; x_wconf 79' lang='lat' dir='ltr'><strong>ventosior</strong></span> <span class='ocrx_word' id='word_1_43' title='bbox 691 993 747 1056; x_wconf 91' lang='lat' dir='ltr'><strong>qua</strong></span> <span class='ocrx_word' id='word_1_44' title='bbox 771 975 912 1039; x_wconf 84' lang='lat' dir='ltr'><strong>Noricum</strong></span> <span class='ocrx_word' id='word_1_45' title='bbox 934 995 968 1039; x_wconf 91' lang='lat' dir='ltr'><strong>ac</strong></span> <span class='ocrx_word' id='word_1_46' title='bbox 991 977 1068 1039; x_wconf 90' lang='lat' dir='ltr'><strong>Pan·</strong></span> 
     </span>
    </p>
   </div>
   <div class='ocr_carea' id='block_1_6' title="bbox 145 1085 1140 2050">
    <p class='ocr_par' dir='ltr' id='par_1_6' title="bbox 145 1085 1140 2050">
     <span class='ocr_line' id='line_1_8' title="bbox 148 1085 1092 1166; baseline 0.001 -18"><span class='ocrx_word' id='word_1_47' title='bbox 148 1087 271 1148; x_wconf 90' lang='lat' dir='ltr'><strong>uoniam</strong></span> <span class='ocrx_word' id='word_1_48' title='bbox 304 1087 422 1166; x_wconf 79' lang='lat' dir='ltr'><strong>aspicit,</strong></span> <span class='ocrx_word' id='word_1_49' title='bbox 455 1085 524 1149; x_wconf 88' lang='lat' dir='ltr'><strong>satis</strong></span> <span class='ocrx_word' id='word_1_50' title='bbox 557 1087 649 1162; x_wconf 78' lang='lat' dir='ltr'><strong>ferax,</strong></span> <span class='ocrx_word' id='word_1_51' title='bbox 684 1085 892 1164; x_wconf 80' lang='lat' dir='ltr'><strong>frugiferarum</strong></span> <span class='ocrx_word' id='word_1_52' title='bbox 928 1086 1092 1149; x_wconf 63' lang='lat' dir='ltr'><strong>arborum⁴</strong></span> 
     </span>
     <span class='ocr_line' id='line_1_9' title="bbox 147 1183 1097 1278; baseline -0.001 -22"><span class='ocrx_word' id='word_1_53' title='bbox 147 1197 321 1276; x_wconf 84' lang='lat' dir='ltr'><strong>impatiens,</strong></span> <span class='ocrx_word' id='word_1_54' title='bbox 358 1183 503 1278; x_wconf 89' lang='lat' dir='ltr'><strong>pecorum</strong></span> <span class='ocrx_word' id='word_1_55' title='bbox 535 1196 679 1273; x_wconf 83' lang='lat' dir='ltr'><strong>fecunda,</strong></span> <span class='ocrx_word' id='word_1_56' title='bbox 718 1195 770 1257; x_wconf 91' lang='lat' dir='ltr'><strong>sed</strong></span> <span class='ocrx_word' id='word_1_57' title='bbox 802 1196 978 1278; x_wconf 91' lang='lat' dir='ltr'><strong>plerumque</strong></span> <span class='ocrx_word' id='word_1_58' title='bbox 1012 1197 1097 1258; x_wconf 80' lang='lat' dir='ltr'><strong>im-o</strong></span> 
     </span>
     <span class='ocr_line' id='line_1_10' title="bbox 146 1306 1068 1387; baseline 0.002 -20"><span class='ocrx_word' id='word_1_59' title='bbox 146 1325 282 1386; x_wconf 90' lang='lat' dir='ltr'><strong>procera.</strong></span> <span class='ocrx_word' id='word_1_60' title='bbox 327 1326 365 1369; x_wconf 89' lang='lat' dir='ltr'><strong>na</strong></span> <span class='ocrx_word' id='word_1_61' title='bbox 388 1307 530 1370; x_wconf 88' lang='lat' dir='ltr'><strong>armentis</strong></span> <span class='ocrx_word' id='word_1_62' title='bbox 552 1306 672 1387; x_wconf 88' lang='lat' dir='ltr'><strong>quidem</strong></span> <span class='ocrx_word' id='word_1_63' title='bbox 693 1324 765 1369; x_wconf 88' lang='lat' dir='ltr'><strong>suus</strong></span> <span class='ocrx_word' id='word_1_64' title='bbox 786 1307 884 1368; x_wconf 88' lang='lat' dir='ltr'><strong>honor</strong></span> <span class='ocrx_word' id='word_1_65' title='bbox 905 1315 956 1369; x_wconf 90' lang='lat' dir='ltr'><strong>aut</strong></span> <span class='ocrx_word' id='word_1_66' title='bbox 976 1307 1068 1386; x_wconf 80' lang='lat' dir='ltr'><strong>gloria</strong></span> 
     </span>
     <span class='ocr_line' id='line_1_11' title="bbox 145 1417 1068 1499; baseline 0.003 -21"><span class='ocrx_word' id='word_1_67' title='bbox 145 1417 267 1479; x_wconf 77' lang='lat' dir='ltr'><strong>frontis:</strong></span> <span class='ocrx_word' id='word_1_68' title='bbox 301 1436 426 1480; x_wconf 90' lang='lat' dir='ltr'><strong>numero</strong></span> <span class='ocrx_word' id='word_1_69' title='bbox 460 1417 604 1499; x_wconf 78' lang='lat' dir='ltr'><strong>gaudent,</strong></span> <span class='ocrx_word' id='word_1_70' title='bbox 637 1434 748 1497; x_wconf 91' lang='lat' dir='ltr'><strong>eaeque</strong></span> <span class='ocrx_word' id='word_1_71' title='bbox 776 1417 855 1480; x_wconf 89' lang='lat' dir='ltr'><strong>solae</strong></span> <span class='ocrx_word' id='word_1_72' title='bbox 884 1427 913 1480; x_wconf 90' lang='lat' dir='ltr'><strong>et</strong></span> <span class='ocrx_word' id='word_1_73' title='bbox 939 1419 1068 1499; x_wconf 81' lang='lat' dir='ltr'><strong>gratissi·</strong></span> 
     </span>
     <span class='ocr_line' id='line_1_12' title="bbox 146 1528 1067 1610; baseline 0.002 -22"><span class='ocrx_word' id='word_1_74' title='bbox 146 1547 213 1590; x_wconf 89' lang='lat' dir='ltr'><strong>mae</strong></span> <span class='ocrx_word' id='word_1_75' title='bbox 245 1546 317 1608; x_wconf 92' lang='lat' dir='ltr'><strong>opes</strong></span> <span class='ocrx_word' id='word_1_76' title='bbox 344 1537 424 1590; x_wconf 89' lang='lat' dir='ltr'><strong>sunt.</strong></span> <span class='ocrx_word' id='word_1_77' title='bbox 467 1536 624 1609; x_wconf 83' lang='lat' dir='ltr'><strong>argentum</strong></span> <span class='ocrx_word' id='word_1_78' title='bbox 651 1535 681 1589; x_wconf 90' lang='lat' dir='ltr'><strong>et</strong></span> <span class='ocrx_word' id='word_1_79' title='bbox 708 1546 813 1590; x_wconf 92' lang='lat' dir='ltr'><strong>aurum</strong></span> <span class='ocrx_word' id='word_1_80' title='bbox 840 1528 1002 1610; x_wconf 86' lang='lat' dir='ltr'><strong>propitiine</strong></span> <span class='ocrx_word' id='word_1_81' title='bbox 1029 1548 1067 1590; x_wconf 90' lang='lat' dir='ltr'><strong>an</strong></span> 
     </span>
     <span class='ocr_line' id='line_1_13' title="bbox 145 1637 1140 1720; baseline 0.003 -22"><span class='ocrx_word' id='word_1_82' title='bbox 145 1638 213 1699; x_wconf 85' lang='lat' dir='ltr'><strong>irati</strong></span> <span class='ocrx_word' id='word_1_83' title='bbox 235 1638 274 1699; x_wconf 93' lang='lat' dir='ltr'><strong>dii</strong></span> <span class='ocrx_word' id='word_1_84' title='bbox 304 1639 478 1720; x_wconf 82' lang='lat' dir='ltr'><strong>negaverint</strong></span> <span class='ocrx_word' id='word_1_85' title='bbox 507 1637 620 1702; x_wconf 90' lang='lat' dir='ltr'><strong>dubito.</strong></span> <span class='ocrx_word' id='word_1_86' title='bbox 663 1657 718 1700; x_wconf 88' lang='lat' dir='ltr'><strong>nec</strong></span> <span class='ocrx_word' id='word_1_87' title='bbox 740 1647 839 1702; x_wconf 92' lang='lat' dir='ltr'><strong>tamen</strong></span> <span class='ocrx_word' id='word_1_88' title='bbox 862 1639 1068 1701; x_wconf 81' lang='lat' dir='ltr'><strong>affirmaverim</strong></span> <span class='ocrx_word' id='word_1_89' title='bbox 1136 1681 1140 1686; x_wconf 89' lang='lat'>-</span> 
     </span>
     <span class='ocr_line' id='line_1_14' title="bbox 148 1748 1112 1831; baseline 0.004 -21"><span class='ocrx_word' id='word_1_90' title='bbox 148 1749 259 1810; x_wconf 89' lang='lat' dir='ltr'><strong>nullam</strong></span> <span class='ocrx_word' id='word_1_91' title='bbox 298 1748 472 1812; x_wconf 88' lang='lat' dir='ltr'><strong>Germaniae</strong></span> <span class='ocrx_word' id='word_1_92' title='bbox 509 1767 614 1810; x_wconf 87' lang='lat' dir='ltr'><strong>renam</strong></span> <span class='ocrx_word' id='word_1_93' title='bbox 651 1757 807 1828; x_wconf 81' lang='lat' dir='ltr'><strong>argentum</strong></span> <span class='ocrx_word' id='word_1_94' title='bbox 846 1767 987 1813; x_wconf 90' lang='lat' dir='ltr'><strong>aurumve</strong></span> <span class='ocrx_word' id='word_1_95' title='bbox 1024 1751 1068 1831; x_wconf 85' lang='lat' dir='ltr'><strong>gi·</strong></span> <span class='ocrx_word' id='word_1_96' title='bbox 1087 1762 1112 1804; x_wconf 85' lang='lat'><strong>1⁰</strong></span> 
     </span>
     <span class='ocr_line' id='line_1_15' title="bbox 147 1857 1069 1939; baseline 0.003 -19"><span class='ocrx_word' id='word_1_97' title='bbox 147 1877 254 1938; x_wconf 84' lang='lat' dir='ltr'><strong>gnere:</strong></span> <span class='ocrx_word' id='word_1_98' title='bbox 284 1859 351 1938; x_wconf 93' lang='lat' dir='ltr'><strong>quis</strong></span> <span class='ocrx_word' id='word_1_99' title='bbox 374 1859 454 1921; x_wconf 92' lang='lat' dir='ltr'><strong>enim</strong></span> <span class='ocrx_word' id='word_1_100' title='bbox 475 1867 625 1922; x_wconf 88' lang='lat' dir='ltr'><strong>scrutatus</strong></span> <span class='ocrx_word' id='word_1_101' title='bbox 647 1857 711 1921; x_wconf 78' lang='lat' dir='ltr'><strong>esti</strong></span> <span class='ocrx_word' id='word_1_102' title='bbox 750 1858 939 1939; x_wconf 90' lang='lat' dir='ltr'><strong>possessione</strong></span> <span class='ocrx_word' id='word_1_103' title='bbox 961 1868 990 1921; x_wconf 90' lang='lat' dir='ltr'><strong>et</strong></span> <span class='ocrx_word' id='word_1_104' title='bbox 1011 1879 1069 1923; x_wconf 91' lang='lat' dir='ltr'><strong>usu</strong></span> 
     </span>
     <span class='ocr_line' id='line_1_16' title="bbox 146 1968 1068 2050; baseline 0.003 -20"><span class='ocrx_word' id='word_1_105' title='bbox 146 1969 226 2030; x_wconf 90' lang='lat' dir='ltr'><strong>haud</strong></span> <span class='ocrx_word' id='word_1_106' title='bbox 265 1968 390 2049; x_wconf 88' lang='lat' dir='ltr'><strong>perinde</strong></span> <span class='ocrx_word' id='word_1_107' title='bbox 429 1970 608 2034; x_wconf 85' lang='lat' dir='ltr'><strong>alliciuntur.</strong></span> <span class='ocrx_word' id='word_1_108' title='bbox 663 1978 708 2031; x_wconf 87' lang='lat' dir='ltr'><strong>est</strong></span> <span class='ocrx_word' id='word_1_109' title='bbox 749 1969 849 2031; x_wconf 84' lang='lat' dir='ltr'><strong>videre</strong></span> <span class='ocrx_word' id='word_1_110' title='bbox 888 1969 965 2050; x_wconf 93' lang='lat' dir='ltr'><strong>apud</strong></span> <span class='ocrx_word' id='word_1_111' title='bbox 1003 1970 1068 2033; x_wconf 89' lang='lat' dir='ltr'><strong>illos</strong></span> 
     </span>
    </p>
   </div>
   <div class='ocr_carea' id='block_1_7' title="bbox 145 2079 1141 2604">
    <p class='ocr_par' dir='ltr' id='par_1_7' title="bbox 145 2079 1141 2604">
     <span class='ocr_line' id='line_1_17' title="bbox 146 2079 1069 2168; baseline 0.004 -28"><span class='ocrx_word' id='word_1_112' title='bbox 146 2087 289 2160; x_wconf 85' lang='lat' dir='ltr'><strong>argentea</strong></span> <span class='ocrx_word' id='word_1_113' title='bbox 318 2098 398 2157; x_wconf 86' lang='lat' dir='ltr'><strong>rasa,</strong></span> <span class='ocrx_word' id='word_1_114' title='bbox 426 2081 529 2162; x_wconf 83' lang='lat' dir='ltr'><strong>legatis</strong></span> <span class='ocrx_word' id='word_1_115' title='bbox 556 2088 594 2168; x_wconf 86' lang='lat' dir='ltr'><strong>et</strong></span> <span class='ocrx_word' id='word_1_116' title='bbox 611 2079 797 2160; x_wconf 86' lang='lat' dir='ltr'><strong>principibus</strong></span> <span class='ocrx_word' id='word_1_117' title='bbox 826 2098 930 2142; x_wconf 90' lang='lat' dir='ltr'><strong>eorum</strong></span> <span class='ocrx_word' id='word_1_118' title='bbox 952 2081 1069 2144; x_wconf 90' lang='lat' dir='ltr'><strong>muneri</strong></span> 
     </span>
     <span class='ocr_line' id='line_1_18' title="bbox 147 2189 1068 2272; baseline 0.003 -22"><span class='ocrx_word' id='word_1_119' title='bbox 147 2189 229 2265; x_wconf 88' lang='lat' dir='ltr'><strong>data,</strong></span> <span class='ocrx_word' id='word_1_120' title='bbox 261 2208 323 2252; x_wconf 91' lang='lat' dir='ltr'><strong>non</strong></span> <span class='ocrx_word' id='word_1_121' title='bbox 352 2191 383 2252; x_wconf 93' lang='lat' dir='ltr'><strong>in</strong></span> <span class='ocrx_word' id='word_1_122' title='bbox 412 2191 467 2253; x_wconf 92' lang='lat' dir='ltr'><strong>alia</strong></span> <span class='ocrx_word' id='word_1_123' title='bbox 496 2190 603 2253; x_wconf 88' lang='lat' dir='ltr'><strong>vilitate</strong></span> <span class='ocrx_word' id='word_1_124' title='bbox 625 2209 715 2270; x_wconf 85' lang='lat' dir='ltr'><strong>quam</strong></span> <span class='ocrx_word' id='word_1_125' title='bbox 737 2199 812 2271; x_wconf 88' lang='lat' dir='ltr'><strong>quae</strong></span> <span class='ocrx_word' id='word_1_126' title='bbox 834 2192 925 2253; x_wconf 91' lang='lat' dir='ltr'><strong>humo</strong></span> <span class='ocrx_word' id='word_1_127' title='bbox 948 2193 1068 2272; x_wconf 84' lang='lat' dir='ltr'><strong>lingun-</strong></span> 
     </span>
     <span class='ocr_line' id='line_1_19' title="bbox 145 2301 1111 2383; baseline 0.001 -21"><span class='ocrx_word' id='word_1_128' title='bbox 145 2310 212 2362; x_wconf 87' lang='lat' dir='ltr'><strong>tur:</strong></span> <span class='ocrx_word' id='word_1_129' title='bbox 252 2318 431 2382; x_wconf 88' lang='lat' dir='ltr'><strong>quamquam</strong></span> <span class='ocrx_word' id='word_1_130' title='bbox 469 2302 596 2383; x_wconf 83' lang='lat' dir='ltr'><strong>proximi</strong></span> <span class='ocrx_word' id='word_1_131' title='bbox 629 2301 668 2363; x_wconf 92' lang='lat' dir='ltr'><strong>ob</strong></span> <span class='ocrx_word' id='word_1_132' title='bbox 701 2303 788 2365; x_wconf 83' lang='lat' dir='ltr'><strong>usum</strong></span> <span class='ocrx_word' id='word_1_133' title='bbox 822 2303 1069 2364; x_wconf 82' lang='lat' dir='ltr'><strong>commerciorum</strong></span> <span class='ocrx_word' id='word_1_134' title='bbox 1087 2314 1111 2356; x_wconf 82' lang='lat'><strong>1⁵</strong></span> 
     </span>
     <span class='ocr_line' id='line_1_20' title="bbox 147 2408 1141 2493; baseline 0.001 -20"><span class='ocrx_word' id='word_1_135' title='bbox 147 2429 253 2474; x_wconf 89' lang='lat' dir='ltr'><strong>aurum</strong></span> <span class='ocrx_word' id='word_1_136' title='bbox 292 2419 322 2473; x_wconf 91' lang='lat' dir='ltr'><strong>et</strong></span> <span class='ocrx_word' id='word_1_137' title='bbox 358 2421 514 2493; x_wconf 80' lang='lat' dir='ltr'><strong>argeutum</strong></span> <span class='ocrx_word' id='word_1_138' title='bbox 551 2413 582 2474; x_wconf 93' lang='lat' dir='ltr'><strong>in</strong></span> <span class='ocrx_word' id='word_1_139' title='bbox 621 2412 716 2493; x_wconf 87' lang='lat' dir='ltr'><strong>pretio</strong></span> <span class='ocrx_word' id='word_1_140' title='bbox 757 2413 867 2475; x_wconf 88' lang='lat' dir='ltr'><strong>habent</strong></span> <span class='ocrx_word' id='word_1_141' title='bbox 899 2408 1076 2492; x_wconf 67' lang='lat' dir='ltr'><strong>formasque</strong></span> <span class='ocrx_word' id='word_1_142' title='bbox 1135 2443 1141 2456; x_wconf 87' lang='lat'><strong>·</strong></span> 
     </span>
     <span class='ocr_line' id='line_1_21' title="bbox 148 2522 1067 2604; baseline -0.003 -19"><span class='ocrx_word' id='word_1_143' title='bbox 148 2522 288 2602; x_wconf 87' lang='lat' dir='ltr'><strong>quasdam</strong></span> <span class='ocrx_word' id='word_1_144' title='bbox 318 2530 437 2585; x_wconf 89' lang='lat' dir='ltr'><strong>nostrac</strong></span> <span class='ocrx_word' id='word_1_145' title='bbox 465 2523 610 2604; x_wconf 88' lang='lat' dir='ltr'><strong>pecuniae</strong></span> <span class='ocrx_word' id='word_1_146' title='bbox 640 2531 809 2602; x_wconf 84' lang='lat' dir='ltr'><strong>agnoscunt</strong></span> <span class='ocrx_word' id='word_1_147' title='bbox 831 2531 919 2601; x_wconf 91' lang='lat' dir='ltr'><strong>atque</strong></span> <span class='ocrx_word' id='word_1_148' title='bbox 941 2522 1067 2602; x_wconf 85' lang='lat' dir='ltr'><strong>eligunt;</strong></span> 
     </span>
    </p>
   </div>
   <div class='ocr_carea' id='block_1_8' title="bbox 148 2697 1067 2884">
    <p class='ocr_par' dir='ltr' id='par_1_8' title="bbox 148 2697 1067 2884">
     <span class='ocr_line' id='line_1_22' title="bbox 218 2697 1033 2766; baseline -0.001 -15"><span class='ocrx_word' id='word_1_149' title='bbox 218 2700 241 2751; x_wconf 90' lang='lat'><strong>8.</strong></span> <span class='ocrx_word' id='word_1_150' title='bbox 259 2698 330 2766; x_wconf 86' lang='lat' dir='ltr'><strong>palia</strong></span> <span class='ocrx_word' id='word_1_151' title='bbox 346 2715 384 2766; x_wconf 81' lang='lat' dir='ltr'><strong>pr</strong></span> <span class='ocrx_word' id='word_1_152' title='bbox 401 2715 423 2764; x_wconf 88' lang='lat' dir='ltr'><strong>c,</strong></span> <span class='ocrx_word' id='word_1_153' title='bbox 440 2699 512 2766; x_wconf 83' lang='lat' dir='ltr'><strong>patio</strong></span> <span class='ocrx_word' id='word_1_154' title='bbox 530 2699 564 2751; x_wconf 67' lang='grc' dir='ltr'><strong>ε’.</strong></span> <span class='ocrx_word' id='word_1_155' title='bbox 686 2701 710 2752; x_wconf 86' lang='grc'><strong>9.</strong></span> <span class='ocrx_word' id='word_1_156' title='bbox 729 2699 803 2752; x_wconf 87' lang='lat' dir='ltr'><strong>satim</strong></span> <span class='ocrx_word' id='word_1_157' title='bbox 820 2727 854 2737; x_wconf 93' lang='lat'><em>-</em></span> <span class='ocrx_word' id='word_1_158' title='bbox 873 2697 992 2752; x_wconf 82' lang='lat' dir='ltr'><strong>tollerare</strong></span> <span class='ocrx_word' id='word_1_159' title='bbox 1007 2697 1033 2750; x_wconf 79' lang='lat'><strong>0.</strong></span> 
     </span>
     <span class='ocr_line' id='line_1_23' title="bbox 148 2765 1067 2884; baseline 0.003 -15"><span class='ocrx_word' id='word_1_160' title='bbox 148 2819 190 2870; x_wconf 86' lang='lat'><strong>10.</strong></span> <span class='ocrx_word' id='word_1_161' title='bbox 209 2817 282 2870; x_wconf 88' lang='lat' dir='ltr'><strong>coelo</strong></span> <span class='ocrx_word' id='word_1_162' title='bbox 293 2819 316 2871; x_wconf 82' lang='lat' dir='ltr'><strong>b.</strong></span> <span class='ocrx_word' id='word_1_163' title='bbox 369 2817 475 2883; x_wconf 73' lang='lat' dir='ltr'><strong>soloce,</strong></span> <span class='ocrx_word' id='word_1_164' title='bbox 492 2816 586 2870; x_wconf 79' lang='lat' dir='ltr'><strong>·re&#39;c².</strong></span> <span class='ocrx_word' id='word_1_165' title='bbox 648 2765 828 2884; x_wconf 65' lang='lat' dir='ltr'><strong>assuerdii‘m</strong></span> <span class='ocrx_word' id='word_1_166' title='bbox 846 2821 1015 2870; x_wconf 89' lang='lat' dir='ltr'><strong>assueuemnt</strong></span> <span class='ocrx_word' id='word_1_167' title='bbox 1026 2817 1067 2872; x_wconf 82' lang='lat' dir='ltr'><strong>Co.</strong></span> 
     </span>
    </p>
   </div>
   <div class='ocr_carea' id='block_1_9' title="bbox 147 2899 1069 3054">
    <p class='ocr_par' dir='ltr' id='par_1_9' title="bbox 147 2899 1069 3054">
     <span class='ocr_line' id='line_1_24' title="bbox 217 2899 1068 2970; baseline -0.006 -14"><span class='ocrx_word' id='word_1_168' title='bbox 217 2901 422 2969; x_wconf 78' lang='lat' dir='ltr'><strong>5‚1.spotie0.</strong></span> <span class='ocrx_word' id='word_1_169' title='bbox 520 2903 543 2970; x_wconf 76' lang='lat'><strong>2.</strong></span> <span class='ocrx_word' id='word_1_170' title='bbox 561 2901 620 2955; x_wconf 82' lang='lat' dir='ltr'><strong>feda</strong></span> <span class='ocrx_word' id='word_1_171' title='bbox 629 2903 675 2955; x_wconf 85' lang='lat' dir='ltr'><strong>Bb.</strong></span> <span class='ocrx_word' id='word_1_172' title='bbox 773 2905 797 2958; x_wconf 87' lang='grc'><strong>3.</strong></span> <span class='ocrx_word' id='word_1_173' title='bbox 815 2903 897 2970; x_wconf 74' lang='lat' dir='ltr'><strong>qudo.</strong></span> <span class='ocrx_word' id='word_1_174' title='bbox 933 2899 1023 2964; x_wconf 85' lang='lat' dir='ltr'><strong>Gallia,</strong></span> <span class='ocrx_word' id='word_1_175' title='bbox 1033 2917 1068 2967; x_wconf 82' lang='lat' dir='ltr'><strong>pr</strong></span> 
     </span>
     <span class='ocr_line' id='line_1_25' title="bbox 147 2985 1069 3054; baseline -0.003 -15"><span class='ocrx_word' id='word_1_176' title='bbox 147 2985 280 3041; x_wconf 75' lang='lat' dir='ltr'><strong>Galliaco.</strong></span> <span class='ocrx_word' id='word_1_177' title='bbox 318 2987 362 3039; x_wconf 81' lang='lat' dir='ltr'><strong>&#39;a</strong></span> <span class='ocrx_word' id='word_1_178' title='bbox 397 2986 477 3040; x_wconf 80' lang='lat' dir='ltr'><strong>autO.</strong></span> <span class='ocrx_word' id='word_1_179' title='bbox 540 2990 564 3040; x_wconf 83' lang='lat'><strong>4.</strong></span> <span class='ocrx_word' id='word_1_180' title='bbox 582 2987 742 3041; x_wconf 76' lang='lat' dir='ltr'><strong>leraxomd.</strong></span> <span class='ocrx_word' id='word_1_181' title='bbox 795 2989 819 3038; x_wconf 85' lang='lat'><strong>5.</strong></span> <span class='ocrx_word' id='word_1_182' title='bbox 837 2985 983 3054; x_wconf 78' lang='lat' dir='ltr'><strong>inpatiesd.</strong></span> <span class='ocrx_word' id='word_1_183' title='bbox 1023 2999 1069 3052; x_wconf 90' lang='lat' dir='ltr'><strong>pe·</strong></span> 
     </span>
    </p>
   </div>
   <div class='ocr_carea' id='block_1_10' title="bbox 147 3062 1067 3432">
    <p class='ocr_par' dir='ltr' id='par_1_10' title="bbox 147 3062 1067 3432">
     <span class='ocr_line' id='line_1_26' title="bbox 147 3062 1067 3149; baseline -0.005 -13"><span class='ocrx_word' id='word_1_184' title='bbox 147 3062 276 3146; x_wconf 67' lang='lat' dir='ltr'><strong>c⁰t¹tdumd</strong></span> <span class='ocrx_word' id='word_1_185' title='bbox 319 3079 444 3132; x_wconf 79' lang='lat' dir='ltr'><strong>foecunda</strong></span> <span class='ocrx_word' id='word_1_186' title='bbox 456 3080 498 3132; x_wconf 84' lang='lat' dir='ltr'><strong>Cc.</strong></span> <span class='ocrx_word' id='word_1_187' title='bbox 538 3081 680 3149; x_wconf 88' lang='lat' dir='ltr'><strong>plerunque</strong></span> <span class='ocrx_word' id='word_1_188' title='bbox 698 3080 831 3148; x_wconf 87' lang='lat' dir='ltr'><strong>inprocera</strong></span> <span class='ocrx_word' id='word_1_189' title='bbox 842 3094 864 3131; x_wconf 91' lang='lat' dir='ltr'><strong>c.</strong></span> <span class='ocrx_word' id='word_1_190' title='bbox 892 3075 1067 3144; x_wconf 74' lang='lat' dir='ltr'><strong>tprocerad‘.</strong></span> 
     </span>
     <span class='ocr_line' id='line_1_27' title="bbox 217 3155 1011 3244; baseline -0.005 -16"><span class='ocrx_word' id='word_1_191' title='bbox 217 3178 240 3228; x_wconf 80' lang='lat' dir='ltr'><strong>t.</strong></span> <span class='ocrx_word' id='word_1_192' title='bbox 259 3189 339 3244; x_wconf 74' lang='lat' dir='ltr'><strong>oeque</strong></span> <span class='ocrx_word' id='word_1_193' title='bbox 354 3175 378 3238; x_wconf 82' lang='lat' dir='ltr'><strong>d,</strong></span> <span class='ocrx_word' id='word_1_194' title='bbox 404 3172 492 3241; x_wconf 84' lang='lat' dir='ltr'><strong>licque</strong></span> <span class='ocrx_word' id='word_1_195' title='bbox 506 3175 538 3237; x_wconf 90' lang='lat' dir='ltr'><strong>B,</strong></span> <span class='ocrx_word' id='word_1_196' title='bbox 565 3174 633 3242; x_wconf 77' lang='lat' dir='ltr'><strong>edtq;</strong></span> <span class='ocrx_word' id='word_1_197' title='bbox 651 3173 685 3240; x_wconf 81' lang='grc'><strong>0,</strong></span> <span class='ocrx_word' id='word_1_198' title='bbox 711 3176 804 3240; x_wconf 83' lang='lat' dir='ltr'><strong>eatque</strong></span> <span class='ocrx_word' id='word_1_199' title='bbox 820 3188 842 3224; x_wconf 92' lang='lat' dir='ltr'><strong>c.</strong></span> <span class='ocrx_word' id='word_1_200' title='bbox 894 3155 1011 3239; x_wconf 72' lang='lat' dir='ltr'><strong>lineola.</strong></span> 
     </span>
     <span class='ocr_line' id='line_1_28' title="bbox 218 3255 1067 3327; baseline -0.005 -15"><span class='ocrx_word' id='word_1_201' title='bbox 218 3261 241 3312; x_wconf 85' lang='grc'><strong>8.</strong></span> <span class='ocrx_word' id='word_1_202' title='bbox 259 3259 364 3327; x_wconf 89' lang='lat' dir='ltr'><strong>propitii</strong></span> <span class='ocrx_word' id='word_1_203' title='bbox 375 3257 417 3310; x_wconf 76' lang='lat' dir='ltr'><strong>cc.</strong></span> <span class='ocrx_word' id='word_1_204' title='bbox 485 3261 510 3313; x_wconf 87' lang='grc'><strong>9.</strong></span> <span class='ocrx_word' id='word_1_205' title='bbox 527 3260 669 3326; x_wconf 75' lang='lat' dir='ltr'><strong>negauenit</strong></span> <span class='ocrx_word' id='word_1_206' title='bbox 685 3257 712 3310; x_wconf 83' lang='lat'><strong>0.</strong></span> <span class='ocrx_word' id='word_1_207' title='bbox 776 3260 815 3312; x_wconf 93' lang='grc'><strong>11.</strong></span> <span class='ocrx_word' id='word_1_208' title='bbox 834 3255 930 3323; x_wconf 71' lang='lat' dir='ltr'><strong>ettilo,</strong></span> <span class='ocrx_word' id='word_1_209' title='bbox 949 3255 1026 3309; x_wconf 79' lang='lat' dir='ltr'><strong>etium</strong></span> <span class='ocrx_word' id='word_1_210' title='bbox 1035 3257 1067 3309; x_wconf 91' lang='lat' dir='ltr'><strong>B.</strong></span> 
     </span>
     <span class='ocr_line' id='line_1_29' title="bbox 201 3324 1067 3432; baseline -0.002 -18"><span class='ocrx_word' id='word_1_211' title='bbox 201 3363 242 3414; x_wconf 80' lang='lat'><strong>12.</strong></span> <span class='ocrx_word' id='word_1_212' title='bbox 260 3359 347 3426; x_wconf 73' lang='lat' dir='ltr'><strong>autc,</strong></span> <span class='ocrx_word' id='word_1_213' title='bbox 401 3324 515 3432; x_wconf 58' lang='lat' dir='ltr'><strong>¹ppdiinde</strong></span> <span class='ocrx_word' id='word_1_214' title='bbox 528 3361 560 3427; x_wconf 90' lang='lat' dir='ltr'><strong>B,</strong></span> <span class='ocrx_word' id='word_1_215' title='bbox 586 3358 693 3427; x_wconf 87' lang='lat' dir='ltr'><strong>proinde</strong></span> <span class='ocrx_word' id='word_1_216' title='bbox 710 3359 757 3413; x_wconf 73' lang='lat' dir='ltr'><strong>Oc.</strong></span> <span class='ocrx_word' id='word_1_217' title='bbox 857 3361 896 3413; x_wconf 85' lang='grc'><strong>14.</strong></span> <span class='ocrx_word' id='word_1_218' title='bbox 915 3356 1028 3427; x_wconf 77' lang='lat' dir='ltr'><strong>lingutur</strong></span> <span class='ocrx_word' id='word_1_219' title='bbox 1044 3361 1067 3412; x_wconf 85' lang='lat' dir='ltr'><strong>b.</strong></span> 
     </span>
    </p>
   </div>
   <div class='ocr_carea' id='block_1_11' title="bbox 146 3442 1067 3600">
    <p class='ocr_par' dir='ltr' id='par_1_11' title="bbox 146 3442 1067 3600">
     <span class='ocr_line' id='line_1_30' title="bbox 203 3442 1067 3514; baseline -0.005 -15"><span class='ocrx_word' id='word_1_220' title='bbox 203 3449 243 3501; x_wconf 84' lang='lat'><strong>15.</strong></span> <span class='ocrx_word' id='word_1_221' title='bbox 262 3460 318 3498; x_wconf 87' lang='lat' dir='ltr'><strong>sum</strong></span> <span class='ocrx_word' id='word_1_222' title='bbox 330 3445 362 3500; x_wconf 73' lang='lat'><strong>0.</strong></span> <span class='ocrx_word' id='word_1_223' title='bbox 393 3447 597 3499; x_wconf 85' lang='lat' dir='ltr'><strong>commertiorum</strong></span> <span class='ocrx_word' id='word_1_224' title='bbox 613 3444 655 3497; x_wconf 80' lang='lat' dir='ltr'><strong>Ca.</strong></span> <span class='ocrx_word' id='word_1_225' title='bbox 736 3444 776 3498; x_wconf 84' lang='grc'><strong>16.</strong></span> <span class='ocrx_word' id='word_1_226' title='bbox 793 3443 880 3512; x_wconf 87' lang='lat' dir='ltr'><strong>precio</strong></span> <span class='ocrx_word' id='word_1_227' title='bbox 894 3444 928 3513; x_wconf 91' lang='lat' dir='ltr'><strong>B,</strong></span> <span class='ocrx_word' id='word_1_228' title='bbox 948 3442 1067 3514; x_wconf 62' lang='lat' dir='ltr'><strong>pretioti,</strong></span> 
     </span>
     <span class='ocr_line' id='line_1_31' title="bbox 146 3531 278 3600; baseline -0.015 -16"><span class='ocrx_word' id='word_1_229' title='bbox 146 3531 278 3600; x_wconf 82' lang='lat' dir='ltr'><strong>practico.</strong></span> 
     </span>
    </p>
   </div>
   <div class='ocr_carea' id='block_1_12' title="bbox 0 0 1284 4186">
    <p class='ocr_par' dir='ltr' id='par_1_12' title="bbox 0 0 1284 4186">
     <span class='ocr_line' id='line_1_32' title="bbox 0 0 1284 4186; baseline 0 0"><span class='ocrx_word' id='word_1_230' title='bbox 0 0 1284 4186; x_wconf 95' lang='lat' dir='ltr'><strong> </strong></span> 
     </span>
    </p>
   </div>
  </div>
 </body>
</html>
