2552 4172
529 317 614 361 ιιιιιο
636 317 687 360 ιιι.
1010 300 1069 364 169

147 477 347 572 παρατάξεως
368 484 400 546 ἐν
421 489 462 576 τῇ
484 479 579 576 μάχῃ,
601 479 658 571 χρὴ
680 479 719 557 ὡς
735 473 883 570 δηλοῦται
897 483 929 545 ἐν
943 490 990 565 τῷ
1004 485 1070 570 περὶ

147 588 266 672 τάξεως
286 590 380 681 λόγῳ.

506 870 527 924 E
546 870 641 925 LIBRO
660 871 716 930 ΧΠ..

211 1034 238 1088 1,
289 1013 390 1080 Ποῖα
418 1007 476 1080 δεῖ
499 1026 629 1105 φορεῖν
652 1013 790 1104 ἱμάτια
811 1013 901 1092 τοὺς
922 1009 1067 1094 πεζούς.
1088 1030 1103 1080 9

147 1121 224 1190 Είτε
242 1119 396 1214 ζωστάρια
409 1123 550 1190 Γοτθικά
565 1130 627 1191 εἴτε
641 1124 828 1216 ἀρμελαιίσια
843 1131 954 1214 ἔχουσι,
976 1119 1071 1192 κονδά

147 1236 235 1325 μέχρι
255 1243 319 1300 τῶν
340 1234 480 1325 γονάτων
503 1235 606 1301 αὐτῶν
622 1229 670 1302 δεῖ
681 1248 779 1327 φορεῖν
794 1234 915 1317 αὐτούς,
938 1235 981 1300 τά
996 1235 1070 1301 ὑπο-

147 1339 275 1436 δήματα
302 1345 406 1411 αὐτῶν
428 1344 586 1429 Γοτθικά,
616 1346 772 1429 κασσυτά,
802 1341 874 1436 δίχα
900 1347 1069 1438 ρ’ωθωνίων,

147 1455 252 1534 ἁπλῶς
265 1457 443 1547 ἐρραμμένα,
466 1455 525 1523 ὁπὸ
548 1451 603 1523 δύο
617 1456 718 1523 άσὸων
733 1459 785 1522 καὶ
801 1457 843 1548 μὴ
858 1459 959 1524 πλέον.
995 1456 1069 1523 ἀνα-

146 1578 255 1656 γκαῖον
283 1559 317 1632 δὲ
345 1569 396 1632 καὶ
419 1566 531 1656 ὀλίγοις
553 1570 605 1633 καὶ
626 1581 738 1658 μικροῖς
760 1569 891 1656 κέντροις
912 1573 1099 1657 καθηλοῦ-ιι

147 1683 223 1742 σθαι
249 1675 332 1742 αὐτοὶ
359 1676 431 1768 πρὸς
459 1679 585 1744 πλείονα
620 1678 799 1768 ὑπουργίαν·
835 1677 870 1744 οὐ
898 1677 956 1768 γάρ
985 1679 1071 1766 χρεία

147 1781 310 1878 κρηπιδίων
342 1784 362 1878 ἦ
392 1782 543 1877 ὁκριδίων,
577 1789 617 1865 ὡς
644 1787 764 1854 τούτων
791 1791 823 1853 ἐν
852 1800 921 1864 ταῖς
948 1781 1070 1853 ὁδοιπο-

147 1900 222 1987 ρίαις
243 1897 300 1963 οὐκ
321 1892 500 1988 ἐπιτηδείων
529 1896 641 1980 ὄντων,
672 1897 755 1963 ἀλλά
777 1900 829 1963 καὶ
850 1901 915 1987 περὶ
937 1897 993 1988 τὴν
1015 1921 1070 1986 ρο-

148 2009 247 2098 ρεσίαν
269 2003 410 2098 βραδέων.

213 2127 243 2187 4.
265 2119 368 2184 Ποῖα
390 2113 449 2185 δεῖ
470 2117 569 2184 ὁπλα
591 2124 691 2208 ἔχειν
713 2118 801 2196 τοὺς
824 2117 1068 2195 σκουτάτους.
1089 2142 1112 2184 ιο

148 2227 324 2320 Σκουτάρια
352 2229 487 2319 ὁμόχροα
507 2225 527 2319 ἢ
550 2227 634 2295 κατά
656 2228 784 2321 ἀριθμὸν
805 2225 825 2320 ἢ
848 2229 931 2296 κατά
952 2227 1069 2320 τάγμα,

148 2341 267 2405 σπαθία
287 2339 491 2431 Ἑρουλίσκια,
514 2339 658 2431 κοντάρια
681 2379 721 2388 -

216 2563 326 2617 56-58.
344 2561 367 2613 L
385 2565 418 2616 99
440 2557 482 2613 ἐὰν
505 2561 531 2614 δὲ
556 2557 597 2614 διὰ
613 2562 664 2614 τῶν
680 2560 810 2632 εἰρημένων
827 2557 872 2613 οὐκ
889 2560 999 2630 ἔνέργουν
1016 2557 1068 2612 κατ’

148 2653 239 2722 αὐτῶν,
256 2651 323 2707 ἀλλὰ
339 2651 399 2724 πρὸς
415 2649 495 2726 μάχην
511 2649 608 2715 πάντως
625 2649 721 2724 ἑώρων,
740 2650 794 2706 τὸτε
811 2649 994 2723 παρετάσσοντο
1011 2649 1071 2722 πρὸς

148 2743 235 2808 αὖτοίς
251 2745 285 2809 ιὸς
302 2747 326 2800 ἐν
342 2749 380 2818 τῷ
395 2749 450 2818 περὶ
465 2743 623 2818 παρατάξεως
640 2741 800 2814 ἐδηλώσαμεν
817 2746 952 2817 κεφαλαίῳ.

219 2845 241 2906 1,
261 2845 352 2897 1-10.
371 2841 393 2893 L
411 2843 436 2906 6,
454 2845 486 2894 26
504 2839 536 2894 τὰ
553 2841 581 2894 δὲ
597 2834 680 2908 ἱμάτια
697 2841 748 2892 τῶν
763 2841 845 2904 πεζῶν
862 2834 977 2894 ἁπάντων
994 2837 1070 2892 ἔστω·

148 2954 194 2988 σοιν
211 2929 289 2987 κονδὸι
306 2935 376 3006 μέχρι
391 2936 442 2987 niv
458 2921 571 3002 γονάτων
589 2930 680 2986 αὐτῶν·
706 2931 748 2985 ἐὰν
768 2927 883 3000 δυνατόν,
908 2927 994 2993 αὖτοὺς
1010 2930 1071 3002 ἔχειν

147 3031 189 3082 καὶ
211 3023 350 3098 ἐπιλοίρικα.
384 3024 416 3080 τὰ
439 3029 466 3080 δὲ
487 3022 635 3098 ὑποδήματα
659 3024 740 3079 αὐτῶν
758 3024 791 3098 μὴ
809 3025 870 3096 ἔχειν
888 3023 963 3089 ὀξείας
980 3024 1070 3096 ἔμπρο-

148 3123 225 3188 σθεν,
249 3118 382 3189 ἀναγκαῖον
404 3121 431 3174 δὲ
448 3123 489 3174 καί
506 3117 595 3187 ὀλίγοις
612 3123 703 3191 μικροῖς
717 3118 785 3188 ἡλοις
801 3120 983 3187 καθηλοῦσθαι
1000 3110 1070 3183 αὐτά,

146 3212 224 3283 ἤγουν
249 3215 372 3286 καρφίαις,
398 3209 457 3284 πρὸς
479 3214 580 3266 πλείονα
602 3210 746 3284 ὑπουργίαν·
782 3209 890 3284 χρήσιμα
912 3210 960 3282 γὰρ
984 3215 1070 3277 ταῦτα,

148 3311 189 3384 καί
206 3307 231 3361 ἐν
248 3312 299 3369 ταῖς
316 3305 462 3378 ὁδοιπορίαις
478 3301 593 3378 μάλιστα.
627 3277 648 3320 δ

217 3405 242 3468 4,
261 3403 336 3455 1-3.
353 3401 376 3453 L
395 3403 419 3468 6,
438 3404 470 3455 25
489 3398 593 3461 ὁπλίσεις
609 3400 652 3471 μὲν
670 3391 713 3453 οὖν
730 3396 773 3454 τὸν
789 3395 863 3463 πεζὸν
880 3395 1015 3452 σκουτάτον
1029 3427 1069 3450 -.

147 3492 180 3548 τὰ
197 3494 224 3548 δὲ
241 3489 373 3563 σκουτάρια
391 3488 504 3565 ὁμὸγροα
520 3487 618 3555 πάντως
633 3492 651 3562 ἢ
668 3490 731 3546 κατὰ
748 3490 856 3564 ἀριθμὸν
873 3487 966 3560 ἢκατὸι
977 3485 1068 3560 τάγμα,

149 3586 210 3658 ἔχειν
228 3587 255 3641 δὲ
272 3589 314 3640 καί
329 3588 436 3641 κασσίὸα
453 3588 506 3644 κτλ.
