2552 4172
256 247 314 309 112
530 264 548 304 s
570 261 656 304 rurnrr
677 261 762 304 urano
785 261 889 304 xxxvrr.

252 451 324 496 num
357 432 437 494 iuxta
475 437 607 491 montem
642 431 805 493 silvestrem
836 428 993 492 arboribus
1025 429 1169 490 electrum

223 541 426 606 olerentihns.
482 540 604 603 arbores
636 561 685 604 eas
717 541 933 622 psitthachoras
963 541 1078 616 vocari,
1110 557 1169 620 qua
1261 539 1262 552 ¹

251 653 448 734 appellatione
478 652 661 732 significetur
688 653 854 733 praedulcis
875 653 1010 716 suavitas.
1054 650 1168 712 hlithri·

252 765 332 827 dates
369 765 399 826 in
437 762 608 825 Carmaniae
644 763 780 826 litoribus
815 764 941 825 insulam
979 782 1044 826 esse
1080 779 1168 842 quarn

250 875 350 937 vocari
372 873 513 949 Seritam,
536 874 617 936 cedri
638 891 748 954 genere
769 875 918 952 silvosam,
947 875 1017 936 inde
1039 873 1167 935 delinere

200 993 234 1043 40
252 987 282 1049 in
312 995 419 1068 petras.
463 985 645 1047 Xenocrates
673 1004 735 1047 non
758 986 895 1048 sucinum
917 994 1034 1047 tantum
1056 985 1087 1046 in
1109 983 1166 1044 lta-

251 1098 289 1158 lia
322 1098 372 1160 sed
406 1106 436 1159 et
468 1097 561 1159 thium
591 1096 703 1171 vocari,
737 1114 753 1158 a
782 1096 898 1178 Scythis
925 1114 997 1159 vero
1030 1095 1167 1170 saerium,

251 1208 393 1289 quoniam
420 1216 450 1269 et
481 1207 523 1269 ihi
552 1214 707 1280 nascatur,
740 1207 811 1269 alios
840 1215 945 1288 putare
973 1207 1004 1268 in
1033 1205 1169 1268 Numidia

251 1337 287 1381 ex
314 1319 405 1380 humo
433 1317 524 1399 gigni.
568 1335 659 1397 super
687 1336 791 1380 omnes
814 1326 860 1380 est
881 1317 1060 1399 Sophocles,
1088 1315 1168 1398 quod

221 1429 388 1510 sequidem
416 1429 525 1504 miror,
554 1447 622 1490 cum
649 1435 731 1490 tanta
761 1429 886 1510 gravitas
907 1428 933 1490 ei
957 1429 1098 1491 cothurni
1119 1428 1169 1502 sit,

250 1550 402 1621 praeterea
424 1541 499 1603 vitae
529 1541 619 1615 lama,
646 1540 805 1620 principali
833 1540 899 1601 loco
921 1540 1021 1620 genito
1045 1539 1169 1601 Athenis

251 1660 281 1712 et
313 1650 403 1713 rebus
433 1651 523 1732 gestis
556 1658 586 1712 et
617 1651 748 1712 exercitu
782 1651 881 1712 ducto.
928 1651 978 1712 hie
1011 1645 1090 1711 ultra
1118 1649 1169 1710 ln·

251 1762 328 1823 diam
360 1762 425 1824 fieri
453 1763 525 1824 dixit
551 1780 568 1822 e
596 1761 724 1823 lacrimis
750 1761 960 1842 meleagridum
989 1761 1086 1823 avium
1107 1761 1170 1822 lle-

200 1885 230 1935 41
251 1873 382 1952 leagrnm
409 1873 590 1935 deflentium.
635 1874 714 1953 quod
743 1873 902 1936 credidisse
930 1889 997 1933 eum
1024 1881 1076 1933 aut
1104 1889 1171 1953 spe-

250 2003 331 2047 rasse
373 1983 436 2046 aliis
478 1983 651 2065 persuaderi
694 2002 781 2064 posse
826 1984 892 2064 quis
936 2001 998 2044 non
1037 1983 1170 2056 miretur,

252 2112 375 2175 quamve
418 2093 574 2174 pueritiam
618 2102 677 2155 tam
720 2093 878 2174 inperitam
921 2113 1010 2175 possa
1046 2093 1171 2175 reperiri

252 2223 327 2285 quae
355 2203 451 2265 avium
479 2203 613 2285 ploratus
640 2222 757 2266 annuos
786 2206 887 2267 eredat
912 2204 1084 2267 lacrimasve
1110 2212 1170 2265 tarn

222 2315 394 2395 agrandes,
424 2333 524 2378 avesve
553 2333 628 2395 quae
656 2333 672 2376 a
700 2315 835 2389 Graecia,
863 2315 915 2378 uhi
944 2315 1092 2396 Meleager
1116 2334 1171 2396 pe-

320 2531 344 2580 5.
361 2541 405 2579 eas
423 2525 597 2594 psitthachora
616 2526 651 2590 B,
670 2525 818 2594 apitachora
835 2527 870 2593 F,
888 2541 932 2579 eas
951 2526 1123 2596 aphytaeoras
1140 2525 1169 2579 1..

320 2623 343 2673 7.
362 2620 510 2673 Carmaniae
526 2619 709 2686 Detlefrenm,
727 2621 887 2688 germanicae
904 2620 938 2688 F,
956 2619 1102 2688 germaniae
1120 2619 1170 2672 Bc.

319 2717 342 2768 8.
367 2713 469 2768 saritam
493 2715 531 2781 B,
561 2713 697 2766 oserietam
722 2714 757 2780 F,
785 2728 835 2782 qne
859 2729 916 2766 eam
940 2712 1034 2767 cedron
1053 2713 1084 2765 L.
1185 2729 1189 2738 ·

250 2807 330 2861 liuere
347 2808 379 2862 B.
489 2810 530 2873 40,
551 2810 617 2860 1-4
635 2807 705 2874 gigni
724 2807 809 2860 omB.
919 2809 943 2860 2.
961 2807 1110 2859 et-vocari
1128 2824 1171 2860 om

250 2919 275 2956 o.
328 2905 355 2955 et
367 2903 400 2968 F,
418 2917 461 2954 om
474 2900 505 2954 1..
558 2900 639 2953 thium
659 2899 775 2966 Urlichs,
792 2901 896 2966 ,thieum
914 2899 952 2967 L,
969 2900 1023 2952 inm
1040 2899 1075 2954 F.
1125 2916 1171 2954 ve-

249 3011 292 3048 ros
309 2995 360 3048 Fu.
412 3009 512 3048 sacrum
529 2994 561 3048 1..
675 2997 698 3048 3.
717 2994 830 3047 nascitur
847 2994 878 3047 L.
999 2996 1025 3045 l.
1043 3009 1075 3047 ex
1092 2993 1169 3048 humo

250 3088 425 3154 Dettafsanos,
443 3104 475 3141 ex
492 3089 553 3141 vino
570 3087 611 3151 F,·
629 3103 671 3140 om
683 3105 712 3143 ω.
766 3086 908 3155 Sophocles
928 3087 1039 3153 Urliclu,
1060 3087 1170 3142 soloclea

250 3186 330 3249 poeta
348 3183 460 3250 tragicus
477 3184 510 3248 B,
528 3181 665 3249 sophocles
683 3181 795 3248 tragicus
813 3181 938 3248 (tragigns
954 3180 989 3246 F)
1006 3183 1084 3248 poeta
1101 3198 1131 3234 o.

322 3279 345 3330 6.
363 3275 498 3345 principali
516 3273 698 3342 Deilefsenoe,
727 3274 791 3326 alias
812 3273 946 3342 principali
963 3273 999 3338 L,
1023 3274 1087 3326 alias
1111 3273 1170 3340 (alia

252 3367 287 3436 F)
304 3370 413 3437 principi
430 3370 482 3424 Bu.
586 3370 610 3421 8.
628 3366 695 3433 lieri]
713 3368 810 3421 fluvere
827 3367 871 3432 13¹,
889 3366 969 3420 fluere
985 3365 1029 3422 11².

253 3466 277 3518 9.
296 3462 463 3518 defluentium
479 3463 548 3518 ΒΨ.
678 3464 719 3530 41,
739 3464 763 3516 3.
781 3477 861 3531 qnam
876 3476 904 3514 se
921 3462 952 3514 B.
1013 3459 1123 3530 reperire
1138 3462 1171 3530 B,

253 3558 350 3626 reperri
366 3558 400 3623 F,
418 3557 540 3626 repperiri
558 3573 582 3610 a.
