2552 4172
175 253 236 315 100
445 271 463 311 n
484 267 572 311 rnruu
593 267 685 312 nimus
706 267 817 313 vr-m.

131 454 157 498 ro
175 436 213 499 ob
242 437 271 499 id
300 435 514 516 retrograditur
541 437 571 499 in
601 438 750 521 pascendo
779 457 817 500 ne
844 437 874 500 in
902 437 1003 519 priora
1024 445 1096 499 ten-

175 550 249 611 dens
269 547 443 610 involvatur.

108 670 157 722 143
176 662 241 738 (61)
270 677 359 721 canes
386 659 546 721 defendere
574 658 701 722 Cimbris
731 658 823 721 caesis
852 659 956 722 domus
989 679 1091 722 eorum

133 771 313 889 Xplaustris
334 769 486 850 inpositas.

126 907 158 959 53
178 883 242 963 (27)
270 881 378 942 mirum
405 880 437 942 in
466 880 521 942 hac
549 879 617 942 alite
644 883 773 960 (ansere)
800 899 817 942 a
847 880 970 944 Morinis
999 899 1094 962 usque

175 992 299 1054 Romam
328 991 454 1072 pedibus
481 989 592 1053 venire.
643 991 712 1054 sessi
741 993 936 1073 proferuntur
965 993 1001 1054 ad
1032 992 1096 1074 pri-

176 1122 255 1178 mos,
289 1103 329 1164 ita
362 1102 452 1165 ceteri
485 1102 643 1183 stipatione
677 1103 802 1165 naturali
830 1103 1006 1184 propellunt
1033 1123 1097 1166 eos.

177 1214 369 1277 candidorum
403 1213 528 1275 alterum
559 1213 684 1294 vectigal
715 1213 747 1275 in
780 1213 890 1294 pluma.
945 1211 1101 1278 velluntur

148 1324 354 1406 aquibusdam
386 1323 458 1386 locis
490 1322 536 1386 bis
568 1342 657 1386 anno.
709 1343 813 1387 rursus
844 1325 1003 1407 plumigeri
1031 1345 1102 1390 ves-

178 1436 302 1498 tiuntur.
352 1434 470 1496 mollior
500 1453 576 1515 quae
608 1435 727 1516 corpori
758 1435 892 1516 proxima
920 1445 951 1498 et
977 1455 994 1498 e
1023 1435 1102 1499 Ger·

179 1541 282 1610 mania
315 1545 522 1609 laudatissima.
576 1546 693 1608 candidi
725 1546 780 1622 ibi,
813 1565 916 1610 verum
953 1548 1103 1624 minores,

128 1676 162 1726 54
179 1666 284 1740 gantae
311 1664 465 1720 vocantur.
514 1656 642 1737 pretinm
670 1657 789 1739 plumae
818 1675 920 1719 eorum
949 1657 980 1721 in
1010 1658 1104 1722 libras

179 1769 292 1833 denarii
321 1769 414 1849 quini.
464 1774 493 1829 et
520 1767 590 1829 iude
618 1767 741 1830 crimina
767 1769 945 1849 plerumque
973 1770 1102 1832 auxilio-

178 1899 245 1944 rum
267 1879 437 1963 praelectis,
465 1897 481 1939 a
503 1876 582 1958 vigili
603 1878 730 1941 statione
752 1879 788 1941 ad
810 1880 883 1942 baec
905 1881 1031 1962 aucupia
1055 1880 1102 1944 di-

180 1991 278 2055 missis
300 1988 473 2053 cohortibus
494 1988 579 2066 totis,
609 2007 704 2069 eoque
726 1989 847 2053 deliciae
868 2010 1044 2072 processere
1066 2002 1102 2055 ut

152 2103 246 2166 asine
274 2104 331 2164 hoc
358 2101 557 2163 instrumento
584 2099 692 2162 durare
720 2101 846 2185 iamne
872 2102 1004 2166 virorum
1033 2104 1101 2184 qui-

182 2214 248 2275 dem
271 2211 400 2275 cervices
421 2211 546 2292 possint.

131 2331 164 2383 tt
183 2324 248 2406 (35)
273 2322 385 2386 abeum
418 2332 448 2385 et
479 2321 609 2385 merulae
641 2321 779 2402 turdique
811 2331 841 2384 et
870 2324 975 2388 stumi
1012 2324 1102 2387 simili

183 2435 271 2498 modo
298 2435 329 2496 in
351 2433 457 2496 vicina.
500 2433 552 2495 sed
578 2432 609 2494 bi
636 2432 766 2513 plumam
795 2451 858 2496 non
881 2435 1022 2497 amittunt
1045 2455 1103 2499 nec

184 2547 386 2621 occultantur,
414 2544 467 2606 visi
496 2561 584 2626 saepe
612 2542 654 2605 ibi
681 2562 741 2623 quo
769 2544 929 2608 hibernum
958 2546 1102 2627 pabulum

183 2667 298 2739 petunt.
348 2657 447 2736 itaque
480 2654 510 2716 in
545 2653 702 2718 Germania
734 2656 831 2719 bieme
865 2656 989 2720 maxime
1022 2659 1103 2722 turdi

184 2777 359 2832 cernuntur.

118 2885 167 2940 132
185 2878 250 2958 (67)
276 2880 308 2943 in
336 2878 485 2959 Hercynio
515 2877 689 2940 Germaniae
716 2878 792 2942 saltu
821 2877 965 2941 invisitata
992 2896 1103 2960 genera

254 3049 300 3115 54,
320 3052 343 3102 1.
360 3047 449 3117 plurae
461 3046 511 3114 1³¹,
529 3047 602 3115 plura
616 3046 646 3102 ll.
755 3051 779 3102 2.
797 3047 949 3101 auxiliorum
963 3047 1015 3119 ΙΝ,
1033 3051 1105 3103 anxi-

185 3133 247 3186 lium
263 3149 292 3186 ce.
395 3135 420 3186 6.
437 3135 546 3201 possunt
555 3131 635 3185 bru.

255 3220 295 3284 72,
314 3221 337 3270 1.
355 3217 467 3270 abeunte
481 3216 549 3269 Μ.

257 3305 314 3358 132.
333 3302 442 3355 Solinus
454 3304 503 3367 20,
518 3305 533 3356 3
552 3300 639 3354 Saltus
656 3299 797 3370 Hercynius
815 3315 878 3355 aves
896 3301 978 3370 gignit
996 3318 1105 3370 quorum

188 3401 287 3455 pennae
304 3402 350 3455 per
368 3387 505 3442 obscurum
523 3386 634 3439 emicant
649 3392 676 3439 et
687 3385 848 3452 interlucent,
867 3387 984 3455 quamvis
997 3387 1105 3442 obtentu

188 3487 239 3525 nox
257 3471 348 3526 (lenset
366 3471 492 3526 tenebras.
520 3471 589 3525 unde
606 3470 723 3525 homines
741 3471 792 3524 loci
808 3469 879 3524 illius
894 3470 1045 3540 plerumque
1057 3484 1106 3523 no-

189 3560 293 3611 ctumos
316 3572 437 3611 excursus
461 3557 499 3611 sic
517 3556 646 3612 destinent
662 3560 692 3611 ut
708 3557 760 3610 illis
776 3560 882 3612 utantur
898 3555 931 3609 ad
948 3553 1106 3623 praesidium
