2560 4186
535 238 689 281 annuum.
1035 226 1072 285 15

218 407 358 488 quotiens
386 405 462 468 bella
488 424 550 468 non
580 406 700 480 ineunt,
729 425 791 469 non
814 406 939 468 multum
960 409 1125 472 venati-15

148 520 226 596 bus,
256 518 325 599 plus
346 535 401 599 per
423 517 515 578 otium
539 516 722 596 transigunt,
751 516 840 578 ueniri
862 535 968 580 somno
992 516 1073 580 cibo·

150 648 223 710 que.
279 627 458 691 fortissimus
494 627 619 707 quisque
655 645 689 689 ac
726 627 965 691 bellicosissimus
1001 630 1075 692 nihil

150 758 262 820 agens,
285 738 417 818 delegata
439 738 544 800 domus
566 747 596 800 et
617 737 770 819 penarium
791 746 821 800 et
842 756 981 820 agrorum
1004 759 1075 802 cura

149 851 273 912 feminis
301 848 484 928 senibusque
513 857 542 910 et
570 848 771 912 infirmissimo
799 849 907 930 cuique
934 870 969 912 ex
990 851 1103 914 fami-a
1205 891 1210 900 ·

149 961 207 1035 iia,
230 959 288 1040 ipsi
311 959 435 1034 hebent,
457 959 532 1021 mira
553 958 720 1021 diversitate
743 969 873 1034 naturae,
897 979 964 1024 cum
987 962 1075 1024 iidem

150 1071 292 1134 homines
329 1070 371 1132 sic
407 1077 512 1145 ament¹
543 1069 679 1131 inertiam
717 1076 746 1131 et
781 1071 899 1133 oderint
935 1073 1074 1151 quietem.

149 1201 220 1244 mos
249 1189 295 1242 est
323 1179 488 1242 civitatibus
517 1180 596 1242 ultro
624 1198 660 1242 ac
688 1180 797 1244 viritim
826 1182 964 1244 conierre
991 1181 1074 1263 prin·

151 1292 273 1373 cipibus
293 1290 340 1352 vel
366 1301 569 1352 armentorum
592 1291 638 1354 vel
667 1292 800 1372 frugum,
829 1293 909 1371 quod
938 1311 993 1372 pro
1021 1292 1075 1354 ho-

151 1421 231 1466 nore
260 1410 415 1483 acceptum
443 1401 531 1463 otiam
560 1401 783 1464 necessitatibus
811 1402 957 1468 subvenit.
1002 1421 1073 1484 gau·
1093 1421 1116 1462 ro

151 1515 228 1576 dent
250 1511 409 1594 praecipue
431 1512 621 1574 finitimarum
644 1513 778 1592 gentium
800 1514 895 1588 donis,
918 1532 993 1594 quae
1013 1533 1073 1575 non
1160 1591 1162 1594 Ι

151 1624 245 1686 modo
273 1642 290 1684 a
317 1621 456 1701 siugulis,
489 1623 541 1684 sed
572 1631 602 1685 et
628 1622 746 1704 publice
782 1624 957 1696 mittuntur,
979 1624 1075 1708 ‚electi

77 1723 79 1734 ’
153 1734 241 1813 equi,
273 1751 380 1814 magna
413 1751 509 1806 arma,
542 1733 679 1814 phalerae
713 1720 901 1814 torquesque.
957 1734 1014 1797 iam
1047 1744 1076 1796 et

151 1844 314 1926 pecuniam
337 1844 472 1924 accipere
494 1844 657 1907 docuimus.

221 1955 316 2018 nullas
345 1954 560 2016 Germanorum
591 1954 710 2036 populis
736 1955 826 2016 urbes
852 1952 977 2016 habitari
1004 1955 1073 2017 satis
1090 1967 1125 2023 16

152 2074 263 2128 notum
292 2074 352 2140 est3
383 2084 422 2127 ne
451 2065 511 2146 pati
538 2066 658 2145 quidem
685 2065 764 2127 iuter
791 2083 823 2127 se
844 2065 960 2128 iunctas
981 2066 1075 2130 sedes.

154 2176 261 2238 colunt
288 2175 408 2238 discreti
436 2193 471 2238 ac
500 2176 622 2251 diversi,
652 2184 685 2237 ut
706 2176 789 2248 sous,
820 2184 854 2238 ut
877 2195 1015 2258 campus,
1042 2187 1076 2240 ut

153 2305 265 2350 nemus
286 2285 405 2367 placuit.
443 2286 524 2348 vicos
545 2286 645 2348 locant
668 2306 728 2348 nou
752 2286 782 2348 in
805 2296 941 2349 nostrum
962 2306 1075 2350 morem

152 2397 279 2460 conexis
315 2405 345 2458 ei
380 2397 607 2459 cohaerentibus
640 2397 793 2460 aedificiis:
831 2395 914 2461 suam
951 2399 1105 2478 qnisquca

152 2509 278 2570 domum
306 2506 401 2587 spatio
428 2507 604 2584 circumdat,
633 2508 693 2570 sive
719 2509 858 2571 adversus
886 2526 972 2572 casus
1000 2509 1076 2589 ignis

1045 2645 1094 2680 p·-

225 2767 273 2837 15,
291 2771 313 2820 1.
331 2767 432 2821 uoiiens
444 2770 525 2820 initio
537 2783 629 2820 ceraue
637 2768 669 2822 B.
743 2770 767 2821 2.
786 2770 869 2822 ocium
879 2769 926 2822 Bb.
996 2769 1077 2822 3..ni-

155 2853 210 2907 chii
222 2853 253 2905 B.
357 2855 381 2905 6.
399 2853 447 2906 hait
466 2853 535 2906 0=
553 2853 686 2907 habento.
722 2855 807 2906 miram
822 2848 995 2906 diuersitatein
1008 2852 1031 2921 β.

245 2942 267 2991 1.
282 2937 383 2991 ih’tiam
396 2938 421 2992 C.
531 2943 571 2993 10.
592 2940 678 3011 ononis
698 2938 853 2992 subvenite).
956 2941 995 2992 11.
1014 2952 1074 3004 gen·

154 3025 222 3077 tium
235 3025 519 3091 omrela'ciospota'oC.
614 3027 653 3079 12.
671 3028 698 3077 et
715 3041 757 3076 om
769 3025 795 3090 θ,
813 3027 956 3091 Haupta'm.
990 3023 1075 3074 nitun-

152 3147 229 3196 turc.
300 3146 340 3196 14.
359 3107 437 3213 saleru
449 3144 475 3196 θ.
825 3209 918 3253 {locent

225 3261 271 3330 lo,
290 3265 313 3314 1.
330 3262 421 3315 uitari
432 3262 458 3315 0.
537 3265 560 3315 2.
579 3262 661 3314 uictas
672 3262 698 3315 0.
779 3266 803 3315 4.
821 3261 968 3330 longantB,
985 3261 1075 3314 locant

153 3347 204 3399 aad
212 3361 296 3413 supra
306 3347 415 3410 otinfru
427 3363 442 3400 o
456 3349 548 3412 litura,
559 3351 592 3398 ut
603 3344 687 3408 fua'aao
697 3346 821 3398 uideatur
832 3346 954 3414 ligantia,
967 3351 996 3400 in
1004 3363 1076 3398 mor-

150 3435 222 3500 gine
238 3431 334 3485 Locum
344 3433 368 3501 β.
454 3435 478 3488 5.
496 3431 617 3486 connexis
630 3431 700 3486 iibri.
739 3430 861 3484 hedificiis
878 3431 904 3498 C,
924 3432 1074 3486 aedifiiiisc.

228 3520 251 3571 6.
270 3516 455 3570 circundotBe.
