2552 4172
239 243 299 308 146
567 261 605 304 ou
628 261 720 304 annno
743 259 877 304 sorrnrco

236 428 490 494 administratione
519 428 582 492 eius
612 428 680 490 belli
709 426 797 504 obiit,
825 428 993 494 labentibus
1025 430 1085 492 iam
1107 431 1166 494 filii

236 540 370 604 moribus
403 539 439 601 ab
473 539 608 602 instituto
638 557 703 602 suo.
754 539 885 602 triennio
915 538 1025 602 bellum
1054 550 1164 621 postea

237 669 305 714 cum
341 649 558 714 Marcomannis
594 648 813 712 Hermunduris
848 649 1001 724 Sarmatis,
1049 650 1166 723 Quadis
1263 681 1264 704 r

206 761 322 824 setiam
351 761 426 840 egit,
460 768 490 822 et
517 759 542 821 si
568 777 648 822 anno
677 777 739 822 uno
768 760 963 840 superfuisset
989 762 1165 841 provincias

237 889 272 934 ex
295 871 341 934 his
363 870 490 934 iecisset.

185 991 246 1050 te.
270 1025 309 1042 ..
338 999 406 1044 cum
434 987 588 1061 aegrotare
616 980 778 1060 coepisset,
810 980 905 1042 filium
935 981 1087 1044 advocavit
1115 991 1163 1046 at·
1264 963 1265 966 ¹

237 1109 294 1170 que
327 1090 364 1153 ab
398 1109 433 1153 eo
466 1090 595 1172 primum
627 1090 713 1170 petiit
749 1098 784 1150 ut
820 1089 889 1152 belii
922 1090 1063 1170 reliquias
1095 1111 1161 1154 non

237 1209 456 1278 contemneret,
485 1220 524 1264 ne
544 1201 692 1263 videretur
714 1200 925 1280 rempublicam
947 1201 1086 1280 prodere.
1130 1211 1164 1266 et
1265 1175 1266 1226 ἒ

238 1329 305 1374 cum
334 1311 411 1373 filius
438 1311 464 1373 ei
486 1311 690 1392 respondisset
710 1329 820 1391 cupere
843 1329 874 1372 se
896 1310 1025 1390 primum
1049 1313 1163 1376 sanita-
1257 1347 1261 1354 ·

238 1430 314 1494 tem,
342 1431 375 1483 ut
395 1420 482 1483 vellet
509 1422 659 1501 permisit,
688 1430 794 1502 petens
820 1428 920 1484 tamen
939 1429 976 1504 *ut
998 1431 1163 1503 expectans
1266 1489 1267 1500 ἶ

210 1549 350 1612 spaucos
371 1531 434 1594 dies
455 1531 526 1594 haut
547 1532 635 1595 sirum
655 1531 903 1613 proficisceretur.

187 1651 247 1709 29.
271 1687 278 1702 .
302 1686 310 1701 .
332 1650 400 1704 ante
422 1650 539 1722 tempus
560 1660 632 1705 sanc
654 1643 768 1718 mortis,
793 1642 967 1722 priusquam
989 1642 1025 1703 ad
1047 1642 1161 1706 bellum

239 1751 511 1815 Marcomannicum
539 1753 664 1828 rediret,
694 1753 724 1814 in
749 1752 892 1833 Capitolio
914 1752 1021 1814 iuravit
1042 1752 1161 1816 nullum

239 1871 407 1928 senatorem
429 1881 461 1926 sc
483 1864 596 1926 sciente
618 1864 758 1926 occisum.

384 2141 433 2204 DE
456 2140 581 2204 BELLO
604 2140 789 2205 stirfltco
813 2139 1014 2203 excurtem

432 2257 476 2309 EX
493 2257 567 2312 rimi
584 2257 766 2311 carnotim
782 2256 962 2310 MAXlMlNlS.

206 2409 223 2463 1
304 2395 478 2461 Maximinus
505 2398 606 2460 senior
627 2396 682 2460 sub
705 2396 871 2460 Alexandro
893 2395 1072 2476 imperatore
1095 2394 1162 2456 eni·

241 2506 312 2582 tuit,
354 2507 478 2570 militare
518 2517 616 2570 autem
648 2508 703 2570 suh
737 2507 845 2570 Severo
879 2504 985 2585 coepit.
1040 2505 1090 2566 hic
1124 2504 1161 2566 de

241 2618 305 2679 vico
328 2618 494 2694 Threiciae,
516 2619 613 2682 vicino
636 2616 785 2693 barbaris,
816 2616 941 2679 barbaro
965 2615 1054 2678 etiam
1076 2623 1162 2696 patre

243 2738 272 2791 et
301 2737 393 2792 matre
421 2728 553 2810 genitus,
583 2746 711 2808 quorum
740 2728 814 2789 alter
839 2745 855 2789 e
878 2726 999 2803 Gothia,
1028 2727 1103 2788 alter
1126 2743 1163 2786 ex

309 2944 354 3016 ti,
372 2948 395 2998 2.
414 2945 467 2999 obii
485 2946 515 2999 B.
618 2947 643 2997 4.
662 2944 840 3014 hermynduris
858 2945 889 2998 B.

309 3031 358 3098 28,
376 3033 398 3084 2.
418 3030 483 3098 petit
517 3029 578 3082 uelli
596 3029 633 3094 B,
651 3045 713 3082 corr
729 3032 758 3082 Ρ.
870 3031 894 3082 3.
912 3027 1114 3093 condempneret
1130 3027 1161 3090 Β,

242 3115 471 3183 contempneretP.
513 3118 612 3165 nonai
621 3115 714 3165 Aelius
727 3113 900 3182 Lampridius
911 3115 940 3163 in
954 3111 1096 3164 Commodo
1109 3127 1131 3163 c.
1145 3113 1160 3164 3

241 3201 339 3255 bellum
357 3200 446 3265 etiam,
473 3198 542 3266 quod
560 3202 633 3266 pater
649 3213 732 3269 paene
751 3198 910 3263 coniecerat,
927 3195 1029 3262 legibus
1047 3196 1161 3249 hostium

244 3285 360 3339 addictus
377 3283 475 3337 remisit
492 3298 522 3336 ac
535 3281 640 3336 Romam
657 3297 776 3336 reversus
794 3286 841 3336 est.
855 3281 926 3345 conf.
941 3280 1090 3332 Herodiano·
1099 3282 1161 3333 aiot.

245 3374 268 3436 1,
286 3373 310 3426 6.
328 3371 381 3422 Dio
401 3372 441 3434 tn,
461 3371 535 3422 1-3.

311 3455 360 3526 dd,
378 3457 401 3507 2.
419 3452 649 3508 marcomannicum
667 3451 698 3505 Β.
794 3454 818 3506 3.
836 3451 959 3506 scientem
976 3451 1007 3502 Β.

311 3542 339 3611 1,
356 3543 379 3593 3.
397 3541 476 3594 nicini
494 3539 545 3605 ΒΡ,
564 3554 626 3591 corr
645 3537 822 3591 Cocanicum.
