2560 4186
339 283 358 323 s
380 279 533 324 ετιιιιιοιιιε
555 281 639 324 sisso
662 281 698 325 ιν.
720 281 767 325 ιιι.
972 268 1014 332 63

93 471 186 538 ρεται
215 445 303 512 πιίλιν
337 451 377 522 εἰς
408 447 503 511 πλείω
537 447 610 537 μέρη
641 450 694 512 καὶ
725 448 844 524 πλείους
876 448 1013 538 κορυφάς.

92 556 203 648 πρώτη
223 551 253 622 δ’
283 560 349 622 ἐστὶ
375 555 496 623 τούτων
521 557 540 648 ἡ
563 566 620 624 τοῦ
639 555 752 647 Ῥήνου
773 559 864 648 πέραν
887 562 939 624 καὶ
959 568 1014 651 τῆς

91 669 200 759 λίμνης
221 670 380 760 κεκλιμένη
401 667 471 758 πρὸς
493 668 534 733 ἕω
556 667 637 758 ροίχις
659 670 784 759 μετρίως
807 668 916 761 ὑψηλή,
939 667 1014 737 ὅπου

93 788 127 846 αἱ
156 788 213 845 τοῦ
232 777 351 869 Ἴστρου
376 782 472 868 πηγαὶ
498 781 623 869 πλησίον
645 777 771 870 Σοηβοιν
792 783 845 844 καὶ
866 789 923 846 τοῦ
942 780 1014 871 Ἐρ-

92 893 198 956 κυνίου
227 884 348 981 δρυμοῦ.
400 886 493 956 ἄλλαι
522 883 554 954 δ’
588 892 659 955 εἰσὶν
688 893 917 981 ἐπιστρέφουσαι
945 891 1016 982 πρὸς
1032 909 1057 952 ss

16 1008 19 1014 ’
91 1001 153 1092 την
173 995 323 1092 Ἰλλυρίδα
345 1003 397 1065 καὶ
418 999 473 1067 τὸν
491 994 624 1091 Ἀδρίαν,
647 991 689 1065 ῶν
710 1005 776 1066 ἐστι
797 1000 835 1068 τό
858 1001 1015 1068 τεἈπέν-

92 1139 173 1180 νινον
196 1110 261 1202 όρος
283 1111 321 1178 τὸ
343 1112 454 1200 λεχθὲν
475 1113 528 1177 καὶ
549 1110 587 1178 τὸ
609 1111 747 1178 Τοῦλλον
774 1116 825 1178 καὶ
847 1107 1014 1201 Φλιγαδία,

91 1225 138 1290 τὰ
166 1224 363 1314 ὑπερκείμενα
390 1231 453 1288 τῶν
475 1216 698 1305 Οὐινδολικῶν,
727 1218 761 1302 ἐξ
790 1214 831 1288 ῶν
861 1223 1015 1315 ὁΔοόρας

92 1337 148 1401 καὶ
168 1333 283 1410 Κλοίνις
310 1335 362 1398 καὶ
392 1331 481 1400 ἄλλοι
508 1335 629 1410 πλείους
656 1319 854 1424 χαραδρώδεις
881 1339 1016 1427 ποταμοὶ

93 1445 320 1536 συμβάλλουσιν
343 1451 382 1522 εἰς
403 1444 442 1512 τὸ
464 1453 521 1512 τοῦ
540 1441 658 1535 Ἴστρου
680 1449 802 1536 ρἐϊθρον.
1031 1469 1057 1512 νο

454 1667 474 1720 Ε
494 1666 589 1720 LIBRO
607 1666 658 1720 vll.
741 1712 744 1718 .

161 1801 303 1894 Εἰρηκόσι
325 1795 355 1868 δ’
378 1803 450 1894 ἡμῖν
471 1805 537 1892 περὶ
558 1810 612 1893 τῆς
632 1801 758 1895 Ἰβηρίας
781 1806 832 1868 καὶ
853 1811 915 1869 τῶν
933 1805 1015 1870 Κελ-
1033 1749 1115 1884 ἼῖἼθ

92 1923 190 1980 τικῶν
212 1918 309 1980 ἐθνῶν
331 1915 384 1979 καὶ
405 1922 468 1978 τῶν
489 1913 648 1979 Ἰταλικῶν
670 1913 722 1979 σὺν
743 1927 809 1991 ταῖς
823 1917 948 2006 πλησίον
963 1913 1014 2005 νή-

93 2053 159 2102 σοις
180 2020 284 2117 ἐφεξῆς
304 2020 343 2090 οἲν
365 2029 411 2114 είη
431 2025 530 2113 λέγειν
552 2023 594 2090 τὰ
615 2024 779 2115 λειπόμενα
798 2033 852 2115 τῆς
870 2024 1016 2116 Εὐρώπης

93 2139 186 2229 μέρη,
213 2129 345 2202 διελοῦσι
367 2134 422 2202 τὸν
443 2127 637 2225 ἐνδεχόμενον
658 2134 778 2228 τρόπον.
821 2139 960 2203 λείπεται
982 2130 1016 2202 δὲ

91 2245 139 2314 τά
161 2245 232 2338 πρὸς
253 2247 317 2312 ἕω*
339 2247 393 2336 μὲν
414 2245 457 2311 τὰ
475 2248 566 2338 πέραν
581 2255 638 2313 τοῦ
650 2246 763 2339 Ῥήνου
777 2250 862 2339 μέχρι
876 2256 933 2316 τοῦ
948 2248 1014 2314 Τα-
1031 2272 1044 2314 ο

93 2351 199 2436 νσίιδος
220 2361 273 2423 καὶ
294 2364 351 2424 τοῦ
373 2356 528 2447 στόματος
548 2366 603 2449 τῆς
624 2352 797 2436 Μαιῶτιδος
818 2363 935 2452 λίμνης,
963 2363 1015 2427 καὶ

94 2467 157 2537 ὅσα
178 2464 295 2559 μεταξὺ
308 2476 366 2535 τοῦ
379 2462 500 2559 Ἀδρίου
514 2472 566 2534 καὶ
580 2475 643 2533 τῶν
657 2468 817 2562 ἀριστερῶν
831 2480 886 2562 τῆς
900 2471 1015 2536 Ποντι-

93 2589 152 2672 κῆς
178 2577 340 2670 θαλάττης
368 2587 463 2669 μερῶν
490 2579 700 2669 ἀπολαμβάνει
726 2581 797 2671 πρὸς
818 2580 907 2647 νότον
929 2583 1015 2672 μέχρι

93 2683 313 2781 τῆςἛλλοίδος
328 2692 379 2755 καὶ
393 2698 448 2781 τῆς
459 2685 664 2782 Προποντίδος
675 2691 691 2756 ὁ
701 2688 826 2781 Ἴστρος·
843 2686 949 2781 διαιρεῖ
956 2691 1015 2783 γὰρ

95 2793 188 2878 οὗτος
210 2799 333 2866 ἅπασαν
355 2801 394 2877 ῶς
414 2799 579 2890 ἐγγυτάτω
602 2795 672 2890 δίχα
694 2800 750 2891 την
770 2808 932 2890 λεχθεῖσαν
947 2812 1013 2892 γῆν,
1033 2825 1057 2868 ιο

95 2913 239 3002 μέγιστος
260 2920 322 2977 τῶν
344 2910 427 2977 κατόι
447 2910 503 3002 την
518 2910 665 3002 Εὐρώπην
680 2922 836 3002 ποταμῶν,
859 2915 931 3004 ῥέων
944 2913 1014 3004 πρὸς

96 3021 187 3088 νότον
210 3020 285 3088 κατ”
304 3021 405 3112 ἀρχάς,
426 3021 481 3088 εἶτ’
506 3025 689 3114 ἐπιστρέφων
711 3023 801 3101 εὐθὺς
816 3024 875 3090 ἀπὸ
891 3034 945 3116 τῆς
960 3019 1013 3090 διί-

96 3158 172 3210 σεως
194 3136 244 3199 ἐπὶ
264 3131 321 3224 τὴν
337 3132 489 3223 ἀνατολὴν
509 3137 561 3198 καὶ
583 3133 637 3200 τὸν
651 3134 782 3202 Πόντον.
820 3133 946 3226 ἄρχεται
961 3137 1014 3226 μὲν

163 3384 209 3435 32.
228 3381 352 3448 φλυγαδία
369 3383 401 3434 Β.
505 3385 545 3436 33.
564 3379 718 3435 οίιινδελικῶν
735 3385 806 3438 libri.

167 3477 203 3545 1‚«
214 3479 237 3542 1,
256 3479 280 3529 5.
299 3480 454 3529 asteriscum
471 3479 598 3545 ascripsit
613 3477 772 3544 Msinslsius,
796 3479 892 3530 cirues
909 3479 1015 3532 τείνοντα

98 3588 149 3640 pro
168 3568 211 3641 μὲν
228 3565 260 3623 τὰ
277 3569 401 3624 conieci&
502 3559 504 3564 ¹
