2552 4172
409 326 476 371 rrnu
496 325 616 370 nonourr
637 323 797 371 uxcuarra.
1005 309 1061 373 161

208 494 329 558 Pluvius
362 495 512 558 Danuvius
545 495 678 558 nascitur
714 513 750 556 ax
783 492 924 573 Alpibus,
960 512 1066 574 proce·

139 605 217 668 dens
245 604 427 685 geminatur,
460 605 518 668 hoc
547 615 606 681 est,
640 604 811 668 efficiuntur
835 604 911 680 duo,
946 605 998 685 qui
1019 605 1066 667 in·

139 725 190 778 tra
226 733 258 777 se
295 715 451 779 includant
485 716 707 779 Pannoniarum
744 715 885 778 civitates.
939 715 1067 777 redeunt

140 826 181 888 ad
211 843 306 887 unum
336 827 387 906 qui
415 827 533 888 lucrant
561 827 630 888 facti
655 827 731 900 dno,
763 835 792 887 et
814 843 868 907 per
890 843 952 886 non
974 824 1067 906 parba

140 935 225 1000 solus
257 954 441 1017 procurrens
475 937 604 999 efficitur
636 936 667 998 in
702 935 862 1016 oblongam
898 935 1101 998 rutundita-ao

140 1055 219 1122 tam,
250 1065 326 1126 quae
355 1046 523 1110 rotunditas
551 1047 695 1128 oppidum
716 1047 814 1110 Peuce
846 1046 987 1108 includat.
1031 1065 1067 1109 ex

140 1157 208 1238 ipso
237 1156 381 1219 fluminali
411 1157 522 1220 circulo
552 1166 667 1239 septem
697 1158 795 1220 crines
816 1156 973 1219 llumiunm
994 1173 1066 1237 pro·

141 1267 254 1329 cedunt
275 1267 469 1330 infundentes
490 1267 522 1330 in
544 1269 683 1332 Pontum.

207 1377 327 1440 Fluvius
357 1377 475 1459 Margus
509 1378 643 1441 nascitur·
672 1378 704 1440 in
737 1397 852 1459 campo.
903 1376 1065 1440 Biminacio

140 1487 253 1550 Moesia
286 1487 401 1550 alluens
435 1505 655 1569 excurrensque
686 1489 819 1551 infundit
845 1507 878 1551 se
903 1489 935 1551 in
964 1488 1100 1552 Danu-²⁵

139 1598 222 1660 vium
245 1616 335 1678 supra
357 1598 477 1667 dictum.

208 1707 326 1770 Fluvios
349 1708 441 1771 Savus
469 1710 601 1772 nascitur
629 1709 706 1789 apud
729 1708 871 1770 Noricum
898 1707 935 1768 de
962 1718 1064 1770 monte

140 1818 270 1898 Alpium.
320 1835 444 1881 currens
469 1837 531 1900 par
564 1836 684 1898 campos
716 1835 748 1880 se
780 1818 812 1879 in
839 1817 985 1880 modicam
1013 1836 1065 1880 ru-

141 1928 317 1990 tunditatem
353 1929 519 2005 concludit,
553 1929 584 1991 in
614 1927 735 1989 modum
762 1926 883 1990 visionis
910 1927 1064 2007 amigdala.

141 2038 223 2101 intus
245 2037 366 2101 inclusit
388 2039 520 2102 Sisciam.
564 2039 672 2100 iterum
697 2056 729 2100 se
751 2037 787 2100 ad
808 2057 904 2101 unum
926 2038 1064 2120 redigens
1081 2047 1108 2090 ³⁰

141 2149 250 2210 transit
271 2167 326 2230 per
345 2149 485 2212 Sirmium
508 2156 538 2211 et
553 2149 752 2228 Singidunum
775 2149 921 2212 coloniam
944 2157 974 2210 et
995 2149 1063 2211 iun·

142 2259 185 2340 git
213 2278 244 2321 se
266 2259 399 2322 Danuvio
428 2259 544 2323 tlumini
573 2267 603 2321 et
633 2279 738 2323 omnes
765 2259 853 2323 simul
881 2278 936 2342 per
965 2260 1064 2322 crines

142 2369 329 2449 supradictos
351 2369 465 2432 intrant
485 2371 616 2434 Pontum
639 2379 668 2432 et
689 2379 811 2434 vocatur
832 2371 941 2434 Hister.

214 2582 254 2635 16.
272 2579 404 2634 Danubius
466 2584 507 2636 17.
525 2597 557 2634 oc
575 2585 616 2634 est
624 2581 657 2632 A.
685 2579 744 2647 duo,
762 2581 812 2634 hoc
829 2583 871 2633 est
888 2578 1018 2632 Danubius
1037 2584 1064 2633 et

142 2665 224 2720 Draus
305 2668 345 2718 18.
363 2665 482 2718 civitates
501 2669 630 2734 quattuor,
647 2664 674 2717 id
692 2667 732 2718 est
749 2664 894 2733 Aquincum
912 2662 1063 2717 Precatione

143 2751 272 2803 Carnunto
290 2753 317 2802 et
336 2747 467 2802 Savariam
486 2754 512 2804 at
612 2753 651 2805 19.
668 2749 769 2802 fuerant
787 2749 838 2802 duo
943 2751 982 2804 23.
1001 2764 1062 2818 ergo

141 2834 274 2888 Danubius
292 2835 381 2887 exiens
399 2835 430 2888 de
447 2835 571 2902 Alpibus,
589 2836 615 2888 in
634 2835 750 2903 proximo
770 2833 801 2888 de
819 2850 851 2888 eo
868 2833 949 2888 Draus
967 2833 1063 2887 fluvius

141 2920 207 2985 exit,
236 2919 282 2972 sed
305 2933 372 2971 unus
394 2918 538 2973 infunditur
559 2935 605 2988 par
622 2921 718 2987 crines,
745 2921 818 2973 cuins
836 2933 926 2988 supra,
952 2919 979 2971 in
995 2916 1063 2971 Pon-

142 3010 205 3057 tum.
241 3003 319 3056 currit
334 3003 405 3055 milia
422 3019 557 3057 ncocxxru.
659 3008 700 3059 24.
718 3004 857 3060 Viminatio
961 3005 1002 3057 25.
1020 3019 1063 3056 ex·
1139 3039 1141 3042 .

141 3103 245 3142 currens
271 3088 402 3156 oppidum.
426 3090 470 3157 qui
538 3089 682 3144 Danubium
705 3091 777 3143 euius
801 3103 885 3156 supra.
921 3087 999 3140 currit
1016 3088 1062 3139 mi-

140 3173 174 3226 lia
193 3185 260 3227 novt.
348 3176 388 3228 27.
407 3189 486 3228 suaus
503 3192 528 3239 a,
546 3190 642 3228 suanus
659 3175 684 3244 β.
770 3177 811 3228 28.
829 3173 930 3226 modica
947 3173 980 3225 A.

141 3262 182 3314 30.
201 3258 310 3312 inclusio
327 3260 361 3312 A.
396 3259 512 3312 redicens
529 3261 563 3312 A.
653 3262 694 3313 31.
713 3257 833 3312 Sirmium
851 3257 974 3324 oppidum
1010 3257 1061 3309 sin-

140 3343 263 3396 cidunum
275 3343 309 3398 A.
396 3345 437 3398 32.
454 3343 572 3398 Danubio
596 3344 629 3396 ad
646 3343 731 3396 locum
749 3342 836 3413 Myrse
870 3357 917 3410 per
934 3341 1016 3394 crines
1034 3341 1061 3393 in

140 3429 252 3482 Pontum
276 3429 454 3496 ingrediuntur
574 3431 615 3484 33.
638 3443 713 3495 supra
739 3428 835 3481 dictum
852 3428 912 3479 A.'
955 3428 1062 3494 apparet

140 3516 241 3590 autem,
266 3512 398 3567 Danubius
421 3517 447 3566 et
464 3513 545 3567 Draus
568 3517 594 3567 et
611 3512 715 3582 Margus
733 3513 809 3566 simul
826 3513 854 3565 in
871 3509 982 3576 Poptnm
1000 3525 1061 3564 eun·

139 3599 211 3651 dant.
230 3598 308 3651 currit
325 3598 396 3652 milia
413 3599 544 3667 (undecies
562 3599 586 3669 β)
603 3611 794 3652 nucccuxxxvu.

197 3699 315 3743 Germania
327 3699 424 3751 antiqva.
876 3687 905 3736 ll
