2560 4186
166 202 170 209 ¹
196 211 235 274 16
525 225 659 268 conuecti
680 225 775 268 racrrr

194 395 358 457 remedium
380 395 440 456 sive
462 393 579 457 inscitia
600 393 782 456 aedificandi.
827 411 865 454 ne
891 401 1117 456 caementorum

196 507 314 586 quidem
344 507 422 586 apud
450 506 518 567 illos
542 512 592 566 aut
617 503 782 582 tegularum
811 522 897 566 usus:
930 504 1052 566 materia
1078 505 1119 566 ad

198 616 297 678 omnia
328 625 455 678 utuntur
491 614 611 677 informi
645 623 674 675 et
712 614 785 676 citra
817 615 946 696 speciem
980 623 1030 676 aut
1062 615 1119 676 de·

156 744 179 785 1o
196 727 396 788 lectationem.
441 725 584 805 quaedam
611 724 675 786 loca
705 724 874 806 diligentius
895 724 1015 787 illinunt
1035 734 1120 787 terra

196 837 236 898 ita
266 854 342 917 pura
371 855 404 897 ac
432 836 607 917 splendente
635 843 669 896 ut
696 835 841 915 picturam
874 853 909 896 ac
937 836 1121 899 lineamenta

197 948 331 1008 colorum
368 947 508 1008 imitetur.
563 947 660 1008 solent
697 954 726 1006 et
761 954 973 1027 supterraneos
1008 965 1120 1028 specus

197 1057 312 1138 aperire
340 1075 450 1137 eosque
477 1057 570 1119 multo
598 1056 722 1136 insuper
749 1057 818 1118 iimo
846 1066 988 1132 onerant,
1021 1057 1119 1120 sullu-

197 1168 279 1247 gium
301 1167 406 1229 hiemis
429 1177 458 1229 ct
479 1167 698 1248 receptaculum
719 1167 868 1246 frugibus3
896 1169 964 1247 quia
986 1168 1120 1247 rigorem

157 1298 181 1339 1s
198 1279 343 1359 frigorum
364 1279 508 1340 eiusmodi
529 1278 602 1344 locis
623 1277 770 1352 molliunt,
794 1286 823 1339 et
843 1277 868 1341 si
891 1277 1008 1358 quando
1023 1278 1120 1341 hostis

197 1389 328 1464 advenit,
357 1398 458 1469 aperta
487 1389 663 1470 populatur,
693 1385 791 1452 abdita
819 1397 916 1451 autem
945 1397 974 1450 et
1001 1389 1120 1451 defossa

198 1509 248 1562 aut
276 1501 453 1579 ignorantur
482 1507 532 1560 aut
561 1518 595 1560 eo
623 1499 688 1580 ipso
718 1499 823 1562 fallunt
845 1500 925 1579 quod
947 1499 1120 1579 quaerenda

199 1619 278 1673 sunt.

148 1731 180 1788 lt
263 1730 404 1800 tegumen
441 1719 579 1781 omnibus
613 1738 717 1801 sagum
750 1721 839 1784 fibula
872 1731 937 1798 aut,
973 1722 999 1784 si
1033 1722 1119 1798 desit,

199 1832 284 1913 spina
313 1837 501 1904 consertum3
530 1839 627 1892 cetera
656 1831 759 1893 intecti
787 1839 865 1894 totos
887 1831 949 1894 dies
970 1831 1049 1894 iuxta
1070 1832 1118 1893 1-

200 1961 268 2005 cum
291 1950 378 2021 atque
401 1941 502 2020 ignem
523 1950 624 2022 agunt.
667 1940 889 2021 locupletissimi
910 1953 990 2006 reste
1012 1943 1119 2005 distin·

199 2060 343 2132 guantur,
365 2071 426 2114 uon
449 2052 583 2114 fluitante
605 2051 681 2114 sicut
702 2053 852 2114 Sarmatae
874 2071 908 2114 ac
929 2053 1038 2129 Parthi,
1064 2053 1118 2114 sert

169 2161 301 2224 estricta
329 2170 359 2222 et
386 2161 518 2242 singulos
546 2170 627 2224 artus
654 2162 848 2242 exprimente.
891 2172 1001 2242 gerunt
1022 2173 1051 2227 et
1073 2163 1118 2224 1-

198 2289 299 2334 uarum
327 2272 434 2352 pelles,
463 2271 589 2352 proximi
619 2272 701 2352 ripae
723 2273 931 2354 neglegenter,
959 2273 1118 2336 ulteriores

200 2382 388 2462 exquisitius,
416 2390 450 2442 ut
478 2381 585 2461 quibus
614 2381 713 2444 nullus
735 2401 790 2463 per
813 2383 988 2446 commercia
1011 2383 1118 2446 cultus.

286 2621 310 2670 l.
327 2616 339 2668 i
359 2616 435 2668 sithiu
447 2617 473 2669 0.
508 2632 589 2669 neco.
671 2621 695 2671 9.
713 2617 821 2685 spetiem
832 2634 853 2671 c.
934 2623 975 2672 10.
992 2618 1077 2670 illinut
1090 2619 1117 2672 0.

271 2704 310 2756 11.
327 2705 357 2753 ut
374 2700 490 2768 splidete
505 2701 531 2755 0.
575 2701 722 2754 liniamenta
736 2703 775 2755 bc.
902 2706 941 2758 12.
960 2703 1072 2772 cclomm
1091 2702 1117 2769 0,

200 2785 316 2838 locorum
334 2785 521 2852 Nipperdeiur,
538 2788 680 2854 Hauptiur.
715 2787 851 2841 immitetw
860 2787 887 2852 C,
905 2780 1066 2840 imitenturo.

202 2873 382 2939 suptcrrnnecs
390 2872 443 2938 Bt,
462 2871 640 2936 sb't'aneost',
663 2873 844 2926 subterraneos
854 2888 875 2926 c.
980 2875 1019 2926 13.
1038 2872 1119 2925 lione-

201 2960 259 3008 rant
271 2955 312 3008 Cc.
399 2958 439 3010 11.
458 2956 549 3009 hiemis
567 2956 808 3023 Reifferscheidiue‚
827 2955 913 3025 hyemi
923 2955 974 3023 tto,
991 2956 1069 3008 hiemi
1079 2959 1118 3010 bc.

274 3077 312 3126 15.
330 3074 539 3128 incarceratus.
574 3039 671 3144 asisin.
734 3080 773 3129 rr.
792 3075 930 3143 ignorate.
960 3075 1077 3144 sporum
1092 3075 1119 3133 c.

202 3157 313 3212 uerenda
324 3175 345 3211 c.

270 3241 314 3313 lt,
334 3248 356 3298 1.
375 3248 477 3312 tegmen
487 3260 509 3297 o.
550 3243 663 3312 figulat.
766 3249 790 3300 2.
809 3245 950 3298 conseritur
959 3261 981 3298 c.
1016 3245 1120 3302 instat.

288 3330 313 3382 3.
330 3327 574 3397 distingunturllbc,
592 3328 728 3396 uixugttw
738 3330 764 3383 C.
795 3379 799 3394 Κ
824 3334 848 3384 4.
865 3330 927 3398 puri
939 3329 966 3384 G.
1021 3333 1045 3382 5.
1064 3345 1119 3382 arc·

203 3417 277 3465 tusc.
312 3417 402 3481 gerunt
413 3414 470 3483 Οοβ,
488 3414 630 3468 leruntBb.
719 3417 742 3469 6.
761 3416 927 3484 neglegenter
936 3431 998 3468 corr
1010 3431 1047 3492 ορ
1054 3412 1122 3468 uit*

205 3498 231 3563 C,
250 3497 410 3564 negligenter
419 3500 482 3565 Bac,
552 3503 575 3551 t.
594 3499 740 3553 commertia
752 3500 794 3568 Oc,
812 3517 875 3553 corr
892 3506 903 3553 t
920 3503 951 3552 io
968 3516 983 3552 c
1001 3501 1024 3552 l.
