2560 4186
250 244 292 306 70
523 263 542 306 ιι
564 258 717 307 οτινιοοιυε
738 261 822 306 uano
844 263 892 306 vn.

251 431 316 490 ἔστι
337 417 370 488 δ’
395 423 414 515 ἡ
436 425 526 514 λίμνη
548 424 604 517 την
619 429 673 517 μὲν
687 427 861 518 περίμετρον
876 421 1008 492 σταδίων
1022 426 1173 494 πλειόνων

249 531 270 625 ἢ
292 537 514 619 πεντακοσίων,
537 530 649 628 δίαρμα
671 532 705 604 δὲ
726 538 816 630 ἐγγὺς
837 532 1007 605 διακοσίων.
1053 544 1118 626 ἔχει
1139 533 1173 604 δὲ

250 647 302 711 καὶ
324 655 422 737 νῆσον,
443 637 466 741 ᾗ
486 645 638 739 ἐχρήσατο
660 649 829 740 ὁρμητηρίῳ
852 650 984 740 Τιβέριος
1005 658 1172 740 ναυμαχῶν

209 749 234 822 νο
248 757 320 848 πρὸς
334 752 559 836 Οὐινδολοιοιίς.
597 762 762 851 νοτιωτέρα
777 754 807 825 δ’
825 761 890 825 ἐστὶ
904 768 967 825 τῶν
981 768 1040 826 τοῦ
1051 758 1172 851 Ἴστρου

249 877 354 959 πηγῶν
387 872 440 934 καὶ
472 867 552 960 αὕτη
586 872 650 960 [καὶ
682 871 699 937 ὁ
730 869 885 961 Ἐρκιίνιος
918 865 1054 962 δρυμός],
1094 869 1168 938 ὥστ’

248 978 368 1070 ἀνάγκη
389 988 436 1063 τῷ
457 983 493 1046 έκ
514 989 568 1073 τῆς
582 981 734 1074 Κελτικῆς
754 985 804 1049 ἐπὶ
820 982 875 1048 τὸν
887 980 1043 1073 Ἑρκύνιον
1058 976 1171 1073 δρυμὸν

249 1089 326 1157 ἰόντι
346 1099 466 1181 πρῶτον
487 1094 541 1181 μέν
564 1087 742 1185 διαπερᾶσαι
763 1091 820 1184 την
842 1095 962 1183 λίμνην,
984 1099 1093 1160 ἔπειτα
1114 1094 1171 1160 τὸν

246 1199 376 1292 Ἴστρον,
404 1201 458 1267 εἶτ’
489 1198 548 1294 ἤδη
578 1198 619 1269 δι’
651 1203 872 1294 εὖπετεστέρων
899 1206 1014 1295 χωρίων
1041 1208 1092 1270 ἐπὶ
1114 1205 1170 1272 τὸν

206 1334 232 1375 ιι
249 1307 360 1403 δρυμὸν
381 1312 437 1390 τὰς
458 1313 615 1404 προβάσεις
636 1323 789 1382 ποιεῖσθαι
810 1309 852 1379 δι’
879 1309 1049 1405 ὀροπεδίων.
1093 1316 1169 1408 ἡμα-

249 1422 348 1514 ρη’σιον
376 1418 406 1489 δ’
437 1423 499 1491 ἀπὸ
532 1434 587 1517 τῆς
619 1430 723 1518 λίμνης
751 1425 907 1517 προελθὼν
936 1420 1007 1492 ὁδὸν
1034 1427 1169 1518 Τιβέριος

250 1528 310 1600 εἶδε
336 1532 393 1612 τὰς
420 1543 477 1602 τοῦ
502 1533 619 1628 Ἴστρου
646 1537 752 1628 πηγάς.
797 1535 1024 1628 προσάπτονται
1051 1530 1086 1603 δὲ
1113 1547 1168 1627 τῆς

247 1649 352 1737 λίμνης
378 1647 424 1713 ἐπ’
450 1647 552 1737 ὀλίγον
574 1651 627 1739 μὲν
651 1657 678 1715 οἱ
697 1649 834 1732 Ῥαιτοί,
862 1647 900 1714 τὸ
922 1642 956 1714 δὲ
977 1649 1069 1715 πλέον
1090 1647 1165 1714 Ἐλ-

249 1757 368 1848 ιιηττιοι
382 1760 434 1825 καὶ
449 1753 642 1826 Οὐινδολοιοί
657 1811 664 1825 .
678 1811 684 1825 .
699 1811 705 1825 .
721 1762 773 1825 καὶ
787 1761 806 1850 ἡ
818 1761 915 1825 Βυίων
929 1761 1044 1850 ἐρημία.
1080 1761 1165 1850 μέχρι
1270 1829 1271 1836 γ

205 1891 230 1934 νο
247 1869 421 1935 Παννονίων
442 1869 562 1953 πάντες,
584 1870 623 1936 τὸ
644 1872 734 1937 πλέον
757 1865 783 1935 δ’
806 1868 985 1960 Ἑλυήττιοι
1004 1871 1056 1935 καὶ
1071 1870 1164 1936 Οὐιν-

248 1975 378 2063 δολικοί,
408 1989 537 2048 οἰκοῦσιν
564 1977 714 2073 ὀροπέδια.
756 1981 877 2048 Ῥαιτοὶ
903 1975 937 2046 δὲ
959 1983 1010 2046 καὶ
1032 1982 1165 2072 Νωρικοὶ

248 2093 334 2182 μέχρι
362 2101 425 2157 τῶν
451 2092 601 2159 Ἀλπείων
634 2094 804 2183 ὑπερβολῶν
833 2092 987 2181 ἀνίσχουσι
1014 2095 1066 2158 καὶ
1093 2091 1164 2184 πρὸς

246 2202 304 2292 την
327 2202 462 2268 Ἰταλίαν
490 2203 703 2294 περιναίουσιν,
737 2212 765 2271 οὶ
791 2205 844 2294 μὲν
871 2202 1044 2294 Ἰνσοιίβροις
1071 2203 1162 2270 συνοί-
1269 2199 1270 2230 ί

246 2338 375 2390 πτοντες
396 2319 424 2378 οἱ
442 2308 476 2380 δὲ
489 2314 617 2406 Κοίρνοις
631 2317 759 2403 καὶίτοῒς
773 2318 839 2405 περὶ
852 2313 909 2405 την
921 2314 1087 2404 Ἀκυληίαν
1102 2341 1163 2404 χω-

205 2449 230 2490 25
248 2427 325 2516 ρίοις.
363 2431 428 2492 έστι
449 2420 483 2491 δὲ
504 2428 556 2492 καὶ
571 2423 650 2517 ἄλλη
665 2423 722 2516 ὕλη
738 2425 857 2516 μεγάλη
870 2427 1016 2516 Γαβρῆτα
1037 2420 1163 2491 ἐπίταδε

246 2545 309 2601 τῶν
330 2535 465 2627 Σοήβων,
487 2539 625 2603 ἐπέκεινα
646 2531 678 2602 δ’
704 2536 893 2628 ὁἙριιύνιος
914 2530 1037 2627 δρυμός·
1059 2543 1163 2625 ἔχεται
1268 2523 1269 2528 ¹

247 2641 280 2713 δὲ
302 2647 438 2725 κάκεῖνος
460 2647 507 2713 ὑπ’
533 2647 645 2715 αὐτῶν.

165 2775 227 2846 2,1
310 2758 385 2849 Περὶ
407 2752 441 2825 δὲ
463 2760 604 2851 Κίμβρων
626 2759 668 2824 τὰ
690 2761 743 2849 μὲν
766 2758 821 2826 οὐκ
842 2752 876 2826 εὖ
897 2761 1036 2849 λέγεται,
1063 2756 1107 2824 τὰ
1128 2751 1159 2822 δ’
1267 2829 1268 2844 γ

247 2876 309 2960 ἔχει
329 2868 539 2961 πιθανότητας
561 2869 596 2936 οὐ
618 2873 747 2962 μετρίας.
785 2868 857 2937 οὕτε
871 2870 929 2962 γὰρ
943 2869 1001 2961 τὴν
1015 2867 1162 2960 τοιαύτην

314 3133 339 3196 5,
357 3132 381 3184 8.
398 3125 414 3197 ἦ
430 3129 576 3200 τριακοσίων
592 3129 665 3196 libri,
681 3130 847 3184 πεντακοσίων
857 3129 987 3196 Vestem,
1005 3127 1161 3181 Μιίπσίιίαν.

316 3219 356 3270 10.
374 3213 539 3276 ἰουνδολικους
546 3215 634 3271 ABCI.
698 3221 739 3272 11.
756 3218 836 3269 verba
847 3217 926 3269 uncis
936 3215 1042 3267 inclusa
1053 3215 1163 3267 abach·

245 3304 340 3353 manni
357 3306 384 3353 et
394 3301 518 3353 Kramm'
534 3304 666 3354 sententia
682 3302 832 3354 Meinekius
847 3303 878 3353 in
894 3302 1045 3367 marginem
1060 3302 1162 3352 reiecit.

317 3390 357 3442 16.
371 3390 426 3441 ’ίδεν
442 3389 475 3455 A,
488 3389 529 3440 ἴδε
547 3387 574 3440 0.
644 3391 683 3442 17.
702 3387 765 3459 ρετολ
783 3388 809 3440 0.
879 3388 918 3441 18.
937 3381 1079 3438 οὖινδελίκοι
1099 3386 1125 3439 0.

248 3473 373 3525 lacunam
384 3474 518 3525 indicavit
529 3472 678 3526 Moinelrim
689 3491 703 3524 ο
716 3474 834 3528 ommi
844 3474 985 3525 sententia.
1002 3471 1073 3534 cons.
1088 3473 1161 3525 Stra·

248 3560 324 3611 bonis
333 3575 360 3627 p.
373 3562 422 3612 192
434 3576 472 3628 sq.
486 3561 544 3613 213.
558 3561 617 3612 313.
655 3561 694 3613 19.
705 3553 792 3619 πάντες
807 3558 891 3611 οπιΑ.
926 3559 967 3611 21.
984 3554 1079 3610 ιἰλπίων
1091 3558 1160 3611 libri.
