2552 4172
358 295 522 340 οτουειιιιιι
544 297 602 344 ιιι.
624 297 646 340 ιι
668 298 694 342 ο.
717 297 758 340 ιιι.
968 281 1028 346 125

110 457 198 547 τέρου
218 468 376 550 ποταμοῦ,
405 460 444 538 ῶς
466 462 518 526 ἐπὶ·
538 459 594 550 τὴν
616 459 779 552 Γαβρὴταν
801 459 874 551 ὕλην
917 466 951 537 λς
993 486 1029 548 μς

112 565 169 656 γο”
190 568 227 635 τὸ
240 569 332 636 κατὰ
355 569 412 662 τὴν
435 566 502 662 ἑξῆς
523 570 672 662 ἐκτροπὴν
694 580 751 637 τοῦ
773 571 856 661 παραὶ
871 570 929 662 τὴν
943 571 1029 636 Λοῦ-

113 703 165 742 ναν
185 678 257 771 ῦλην
271 680 343 771 πρὸς
358 678 486 771 ἄρκτους
501 683 616 773 ρ’έοντος
631 690 773 772 ποταμοῦ
804 689 848 748 λβ
869 681 898 772 γ’
933 675 974 771 μζ
987 678 1027 770 γ’·
1048 705 1071 746 ιο

112 786 212 881 ἐφεξῆς
240 791 421 884 ἐπιστροφὴ,
453 791 503 882 ἀρ’
533 784 567 883 ἧς
596 791 666 881 πρὸς
688 794 871 884 μεσημβρίαν
894 792 1029 882 ἐπιστρέ-

110 923 157 988 φει
198 902 289 992 μγο’
328 897 368 992 μζ
388 901 429 993 γ’·
472 903 510 970 τὸ
533 902 616 969 κατὰ
638 902 695 994 τὴν
717 902 865 994 ἐκτροπὴν
886 911 944 968 τοῦ
959 901 1030 991 πρὸς

109 1015 290 1104 μεσημβρίαν
318 1015 435 1105 ρ’έοντος
462 1021 620 1103 ποταμοῦ,
650 1015 681 1090 ὃς
709 1020 850 1080 καλεῖται
878 1013 1029 1102 Ναραβῶν

109 1147 151 1210 μα
183 1119 224 1213 μζ
245 1123 304 1214 γο’,
332 1124 351 1215 ὴ
375 1123 458 1190 κατὰ
473 1123 615 1214 Κούρταν
635 1123 740 1215 καμπὴ
774 1129 816 1215 μβ
837 1119 891 1214 μζ,
918 1124 937 1214 ἡ
960 1128 1028 1214 ἐρε-
1117 1125 1119 1130 ’

108 1227 157 1324 ξῆς
178 1235 344 1326 ἐπιστροφὴ
367 1234 450 1301 κατὰ
470 1234 588 1326 Κοίρπιν
611 1237 663 1300 καὶ
685 1234 902 1326 ἀρκτικωτοίτη
923 1243 1027 1301 πασῶν
1045 1247 1069 1292 ¹5

106 1348 147 1433 νβ
168 1345 199 1410 λ’
232 1371 284 1438 νο·

169 1455 235 1547 Τὴν
269 1450 303 1522 δὲ
335 1456 521 1548 ἀνατολικὴν
553 1456 683 1546 πλευρὰν
717 1451 805 1547 ὁρίζει
836 1457 855 1548 ὴ
884 1457 945 1525 ἀπὸ
973 1467 1062 1550 τὴςο

106 1569 257 1658 εἰρημένης
279 1571 456 1660 ἐπιστροφῆς
477 1566 548 1657 πρὸς
569 1566 611 1632 τὰ
633 1566 828 1657 ὑπερκείμενα
841 1569 1028 1659 [Σαρματικοὶ

106 1675 159 1768 ὅρη
189 1672 361 1762 διάστασις,
390 1670 431 1744 ῶν
459 1678 497 1745 τὸ
524 1679 578 1768 μὲν
607 1675 707 1744 νότιον
728 1680 817 1768 πέρας
838 1681 939 1768 ἐπέχει
960 1683 1026 1770 μοί-

105 1815 156 1878 ρας
193 1792 237 1878 μβ
257 1787 286 1853 λ’
321 1815 362 1880 μη
383 1787 424 1871 λ’,
452 1788 490 1856 τὸ
521 1782 555 1855 δὲ
585 1787 697 1879 βόρειον
726 1813 770 1878 μγ
805 1787 834 1853 λ’
871 1789 947 1872 νλ’·,
974 1793 1027 1856 καὶ

104 1899 123 1991 ὴ
146 1899 229 1990 μετὰ
251 1900 294 1966 ταί
316 1898 369 1990 ὄρη
390 1903 439 1966 ἐπὶ
461 1899 517 1990 τὴν
539 1901 692 1990 εἰρημένην
713 1898 847 1990 κεφαλὴν
869 1907 926 1964 τοῦ
948 1899 1056 1965 Oen-⁵

106 2009 225 2076 στοῦλα
246 2019 404 2100 ποταμοῦ,
433 2012 486 2077 καὶ
509 2017 556 2076 ἐτι
578 2009 670 2088 αὐτὸς
694 2011 709 2076 ὁ
732 2008 869 2099 ποταμὸς
891 2010 945 2087 ἕως
966 2017 1027 2076 θα-

106 2121 229 2211 λοίσσης.
798 2169 800 2174 ·

171 2233 243 2297 Τῶν
265 2225 299 2296 δὲ
321 2225 509 2312 διεζωκότων
532 2230 588 2323 τὴν
610 2233 777 2324 Γερμανίαν
800 2232 890 2323 ὀρέων
916 2232 1061 2324 ὄνομα-1

108 2340 252 2410 στότατοί
266 2346 333 2408 ἐστι
347 2342 390 2408 τοί
404 2368 440 2409 τε
456 2343 592 2434 εἰρημένα
607 2345 659 2408 καὶ
675 2337 754 2421 ἰδίως
764 2343 938 2435 καλούμενα
949 2346 1028 2435 Σαρ-

109 2451 227 2544 ματικοὶ
254 2455 307 2518 καὶ
335 2452 378 2519 ταὶ
399 2451 545 2544 ὁμώνυμα
566 2465 630 2531 τοῖς
650 2453 785 2532 Ἀλπίοις
806 2457 858 2520 καὶ
879 2454 950 2542 ὑπὲρ
973 2454 1029 2544 τὴν

109 2563 243 2656 κεφαλὴν
272 2573 329 2632 τοῦ
350 2565 535 2650 Λανουβίου,
566 2555 607 2632 ῶν
635 2564 677 2630 τοὶ
705 2561 783 2654 ἄκρα
804 2565 906 2654 ἐπέχει
927 2566 1029 2654 μοίρας

111 2683 154 2742 κθ
174 2670 215 2764 μζ
235 2678 287 2741 καὶ
307 2683 349 2766 λγ
370 2701 412 2767 μη
433 2675 472 2743 λ’·
495 2678 547 2743 καὶ
568 2675 611 2741 τὰ
632 2673 806 2764 καλούμενα
817 2671 963 2782 Ἅβνοβα,
986 2666 1058 2743 ῶνο

112 2786 154 2851 τοί
176 2783 254 2878 ἄκρα
275 2787 376 2876 ἐπέχει
398 2789 500 2878 μοίρας
535 2792 578 2852 λα
607 2794 653 2876 μθ
682 2788 734 2852 καὶ
761 2792 803 2851 λα
830 2789 875 2869 νβ·
919 2787 1029 2853 καὶτὸ

181 3031 205 3084 8.
222 3021 348 3099 γαβρίταν
364 3029 521 3097 Rhamma
538 3023 684 3099 γαμβρήταν
701 3029 777 3096 (του)
796 3045 844 3095 συ,
865 3020 981 3095 γωρὴταν
997 3027 1031 3080 Α.

116 3121 185 3194 epus.
202 3126 227 3186 7,
246 3126 287 3178 12.
306 3124 348 3189 24,
367 3123 389 3176 2.
409 3123 450 3190 25,
468 3125 492 3177 2.
596 3126 620 3176 9.
637 3115 729 3175 λοῦνοιν
744 3123 814 3175 Aad.
902 3123 943 3175 11.
960 3117 976 3187 ἡ
995 3139 1033 3189 εφ.

115 3215 234 3278 Βαιίέῶυ.
305 3219 412 3272 11ψ13.
431 3211 471 3286 ἀφ’
489 3206 518 3284 ἧς
535 3214 596 3268 ἐστίν
612 3211 627 3282 ἡ
646 3210 752 3287 ἐκτροπὴ
767 3216 813 3268 τοῦ
827 3211 887 3284 πρὸς
898 3231 950 3285 μισ.
963 3215 1031 3270 Bad.

182 3311 223 3364 12.
242 3313 274 3381 μζ
290 3303 337 3378 λ’γ’
359 3310 521 3373 (ἐναιίοβκε.
602 3312 641 3364 13.
660 3306 761 3381 ἀράβων
778 3309 814 3377 Μ,
831 3302 947 3378 ναραβῶν
963 3309 1034 3361 ΑΒκ

116 3409 143 3458 οἱ
153 3403 227 3467 infra
240 3407 264 3470 2,
278 3407 310 3458 15
322 3407 383 3472 (16),
397 3405 419 3458 1.
433 3406 458 3470 2,
472 3407 581 3472 praeter
593 3404 667 3471 quod
677 3403 698 3455 G
710 3403 790 3455 semel
801 3400 935 3473 ἀρραβῶνα
947 3403 1032 3455 habet.

185 3502 224 3552 11.
241 3497 269 3550 ln
286 3497 437 3550 Percuetam
456 3513 545 3566 campe
562 3499 712 3553 Αιικὶακε.
816 3499 857 3553 15.
875 3497 972 3550 καππίν.

183 3593 207 3656 6,
221 3595 245 3648 5.
263 3585 363 3644 ἰστοίιλα
375 3591 479 3658 Αὑθμί.
533 3595 557 3659 7,
569 3593 593 3646 6.
605 3590 639 3646 λα
651 3592 680 3660 νβ
692 3606 735 3644 om
743 3591 892 3658 Αεεπίυναε,
903 3586 952 3644 λλ’
963 3592 992 3660 νβ
1002 3592 1033 3646 Β.
