2552 4172
426 343 429 349 Ι
508 271 666 316 exornem.
989 256 1049 318 149

126 440 312 522 Palmyrenis
346 439 441 501 rictus
484 458 587 502 omues
631 459 706 520 quos
748 447 902 520 paraverat
942 441 1050 504 milites

126 551 271 633 perdidit,
300 549 430 612 Zenobia
451 549 633 631 Palmyrenis
662 559 692 612 et
720 549 915 613 orientalibus
944 552 1050 632 pleris-

127 681 188 743 quo
208 661 333 723 viriliter
353 661 527 741 imperante.
572 661 650 722 inter
671 662 742 722 haec
764 660 890 742 Scythae
912 680 967 742 per
989 660 1049 723 Eu-

125 773 232 835 xinum
269 771 454 850 navigantes,
492 770 626 832 Histrum
662 771 788 853 ingressi
824 771 916 833 multa
952 769 1072 852 gravia

126 883 158 945 in
189 882 252 944 solo
275 882 409 943 Romano
439 882 585 943 lecerunt.
629 881 737 960 quibus
760 881 920 962 compertis
943 881 1049 945 Gallie-
1069 877 1094 944 io

127 1013 188 1056 nus
216 992 405 1054 Cleodamum
434 1001 463 1054 et
483 992 667 1054 Athenaeum
697 991 853 1073 Byzantios
882 993 1050 1055 instauran-

126 1104 175 1167 dis
210 1101 334 1166 urbibus
370 1102 599 1184 muniendisque
631 1103 789 1183 praefecit,
825 1111 1051 1184 pugnatumque

127 1222 175 1276 est
202 1213 280 1275 circa
302 1213 429 1274 Pontum
460 1221 489 1275 et
516 1212 701 1293 aByrautiis
732 1212 857 1276 ducibus
885 1215 953 1275 victi
981 1223 1053 1278 sunt

125 1324 256 1387 barbari.
305 1322 473 1385 Veneriano
507 1323 578 1385 item
612 1323 686 1385 duce
719 1323 813 1386 navali
844 1323 923 1386 bello
963 1323 1051 1386 Gothi

127 1415 297 1516 exsuperati
324 1441 410 1509 sunt,
441 1451 509 1494 cum
537 1433 601 1513 ipsc
623 1434 807 1498 Venerianus
834 1435 952 1497 militari
973 1435 1052 1516 perit
1069 1445 1093 1487 1⁵

125 1553 235 1607 morte.
289 1553 378 1624 atque
415 1543 485 1605 inde
522 1543 658 1624 Cyzicum
695 1554 724 1606 et
760 1545 874 1620 Asiam,
911 1545 1053 1625 deinceps
1170 1575 1172 1582 ·

127 1656 271 1718 Achaiam
310 1672 429 1716 omnem
464 1662 651 1716 vastaverunt
688 1664 717 1717 et
752 1654 787 1715 ab
821 1653 1053 1718 Atheniensibus

127 1767 207 1828 duee
229 1764 363 1846 Dexippo
388 1764 533 1844 scriptore
554 1766 661 1828 borum
690 1774 859 1845 temporum
880 1765 950 1827 victi
972 1773 1052 1827 sunt.

126 1876 211 1938 unde
239 1875 317 1956 pulsi
348 1894 403 1956 per
426 1874 550 1955 Epirum
571 1874 774 1936 Macedoniam
802 1874 953 1936 Boeotiam
982 1894 1052 1956 per·

126 1987 224 2067 vagati
256 1994 337 2048 sunt.
396 1985 561 2060 Gallienus,
594 1985 708 2046 interea
739 1985 787 2046 vix
820 1985 962 2048 excitatus
994 2003 1051 2064 pu·
1070 2000 1095 2043 ao

127 2096 216 2158 blicis
247 2095 348 2172 malis,
390 2095 492 2157 Gothis
524 2093 699 2176 vagantibus
731 2114 786 2176 per
817 2095 967 2176 lllyricum
1001 2113 1052 2156 oc·
1105 2161 1108 2170 ¹

128 2206 226 2269 currit
253 2216 283 2269 et
305 2205 421 2267 sortiter
447 2206 592 2286 plurimos
613 2205 771 2268 interemit.
816 2225 875 2286 quo
898 2215 1052 2286 comperto

128 2315 256 2397 Scythae
285 2317 360 2377 lacta
390 2316 544 2396 carragine
576 2335 631 2397 per
659 2324 793 2378 montem
821 2317 978 2380 Gessacem
1006 2319 1052 2378 1-

128 2444 203 2506 gere
235 2435 306 2489 sunt
338 2427 445 2488 conati.
498 2445 606 2490 omnes
638 2427 708 2489 inde
737 2427 859 2510 Scythas
887 2427 1053 2490 Marcianus

127 2536 211 2598 varia
232 2527 380 2598 bellorum
401 2538 522 2598 lortuna
545 2581 1052 2598 .................
1071 2551 1096 2592 25

129 2665 208 2728 quac
232 2665 336 2710 omnes
358 2649 479 2729 Scythas
501 2648 537 2709 ad
560 2647 754 2709 rebellionem
777 2645 951 2708 excitarunt.

203 2911 226 2962 6.
245 2922 385 2976 omnesque
402 2908 454 2972 BP,
472 2923 535 2960 corr
552 2922 618 2976 quos
635 2905 677 2963 1²².
747 2908 770 2959 8.
789 2904 910 2972 eupinum
927 2907 959 2959 B.
997 2975 998 2979 ἵ

133 3005 175 3055 10.
194 3001 331 3069 compertis
419 3004 459 3053 11.
477 3000 628 3055 cleodanurn
711 3003 749 3053 14.
769 3002 809 3053 15.
828 2998 1003 3066 gotbesperati
1021 3000 1053 3067 B,

132 3085 302 3163 gothisperati
320 3094 354 3157 P,
380 3093 494 3160 superati
514 3092 638 3155 fecerunt
658 3092 736 3146 ΒΨ.
798 3091 916 3145 militaris

136 3190 176 3243 19.
194 3185 387 3241 blachedoniarn
410 3185 572 3253 Salmasius,
599 3186 766 3240 acheuoniam
788 3184 900 3237 boetiam

135 3283 176 3333 22.
194 3279 294 3334 sortiter
310 3281 549 3349 Eyssenhardtt‘us,
572 3280 678 3333 lortuito
783 3281 824 3332 25.
843 3278 966 3330 lacunam
984 3279 1054 3330 indi-

134 3376 207 3426 cavit
223 3373 380 3428 Salmasius.
