2560 4186
531 247 685 291 ounmuu.
1047 233 1067 295 9

148 427 287 482 sanctum
314 415 425 496 aliquid
453 424 482 478 et
511 415 666 496 providum
693 423 815 496 putant,
845 435 901 478 nec
922 424 974 477 aut
995 434 1068 479 con-

148 529 213 592 siha
250 545 351 589 earum
392 533 590 607 aspernantur
630 534 681 588 aut
716 543 860 606 responsa
897 528 1067 606 neglegunt.

147 638 274 700 vidimus
296 637 352 700 snb
374 638 440 700 divo
461 637 640 717 Vespasiano
662 636 810 710 Veledam,
833 637 883 700 diu
905 637 983 719 apud
1004 637 1068 719 ple·
1086 656 1109 698 ro

147 767 259 828 rosque
281 748 414 810 numinis
435 747 501 810 loco
523 747 667 810 habitam:
689 749 742 810 sed
763 755 793 809 et
814 748 883 809 clim
906 747 1067 811 hlbruuam

98 927 103 935 ,
148 870 180 922 et
200 858 365 941 compluris
386 858 456 920 alias
479 858 610 920 venerati
631 867 710 934 sunt,
735 876 797 920 ncn
821 857 989 923 adulatione
1011 878 1067 922 nec

146 979 300 1050 tamquam
322 971 455 1032 lacerent
475 968 552 1031 deas.

213 1083 340 1144 deorum
371 1079 497 1142 maxime
531 1079 711 1141 Mercurium
744 1080 863 1155 colunt,
896 1080 944 1142 cui
978 1081 1102 1148 certis9

148 1191 254 1256 diebus
286 1190 423 1252 humanis
456 1207 576 1270 quoquc
608 1188 712 1252 hostiis
744 1190 827 1252 litare
865 1192 909 1253 las
947 1191 1067 1254 habent.

144 1270 275 1364 ltu-tem
308 1308 338 1362 et
364 1301 523 1362 Herculem
557 1301 708 1363 concessis
737 1301 913 1364 animalibus
940 1300 1067 1382 placant.

147 1432 219 1494 pars
248 1409 416 1474 Sueborum
449 1419 478 1472 ct
504 1409 574 1472 lsidi
607 1412 760 1474 sacrificat.
810 1412 889 1473 unde
923 1429 1010 1474 causa
1039 1420 1069 1474 ct

147 1523 233 1602 origo
268 1522 427 1603 peregrino
461 1540 545 1583 sacro
577 1540 682 1603 pamm
717 1523 863 1604 comperi,
896 1523 953 1585 nisi
989 1523 1097 1603 quods

148 1634 269 1714 signum
296 1632 395 1713 ipsum
423 1632 455 1693 in
484 1633 605 1695 modum
633 1633 768 1696 liburnae
797 1634 955 1715 figuratum
983 1634 1070 1696 dccet

76 1752 80 1761 '
150 1743 300 1806 advectam
329 1742 513 1823 religionem.
557 1752 690 1806 ceterum
721 1763 777 1808 nec
806 1745 945 1806 cohihere
972 1746 1068 1826 parie-

149 1853 230 1917 tibus
259 1854 330 1916 deos
359 1871 457 1932 neque
479 1853 510 1914 in
532 1854 623 1916 ullam
645 1855 766 1917 humani
789 1855 849 1916 oris
871 1855 1000 1935 speciem
1023 1873 1069 1916 as-

148 1965 288 2028 simulare
316 1982 352 2025 ex
377 1964 580 2044 magnitudine
607 1965 776 2027 caelestium
799 1965 993 2026 arbitrantur:
1022 1965 1068 2025 lu-

149 2095 202 2138 cos
240 2093 275 2136 ac
315 2091 436 2137 nemora
474 2082 650 2137 consecrant
681 2075 864 2156 deorumque
897 2074 1068 2138 nominihus
1087 2097 1110 2139 m

150 2186 302 2266 appellant
321 2193 469 2247 secretum
492 2185 564 2247 illud
585 2185 665 2264 quod
687 2185 749 2247 scla
774 2187 939 2249 reverentia
960 2186 1069 2249 vident.

216 2295 346 2376 auspicia
387 2304 549 2376 sortesque*
583 2304 617 2357 ut
652 2296 703 2376 qui
740 2297 866 2359 maxime
903 2297 1068 2360 observant.
1085 2304 1121 2360 10

221 2498 245 2550 9.
264 2495 450 2563 neglegnutB,
475 2495 610 2563 negligunt
620 2497 678 2550 dcc.
759 2502 798 2552 10.
817 2497 940 2552 Veledam
950 2498 1002 2560 Bc,
1021 2496 1071 2551 Va·

151 2588 254 2656 ledae,
272 2589 423 2643 ncledamb.
512 2593 552 2644 11.
570 2589 710 2643 Albrunem
732 2591 889 2644 Wilbelmue
909 2591 1071 2644 Wackerna-

149 2682 249 2748 geliue,
266 2683 390 2736 auriniam
400 2684 468 2750 BbO,
486 2683 612 2737 buriniam
624 2700 645 2750 c,
657 2685 705 2736 ced
715 2684 738 2735 B
750 2687 780 2736 in
791 2684 1070 2752 morginchlhriniam

153 2775 168 2826 b
187 2775 353 2842 l'hlbriniam
372 2793 386 2828 c
403 2779 436 2828 ab
449 2779 534 2829 altera
546 2793 629 2829 manu
652 2777 787 2831 albriniam
804 2795 888 2846 cupra
906 2780 1070 2844 adscriptum

153 2869 258 2922 babent.
323 2869 735 2940 12.cdp1uresc,eomp1uresc.
771 2887 855 2941 neque
868 2875 891 2924 d.
957 2873 997 2924 13.
1016 2875 1071 2924 tan·

153 2976 230 3030 quarn
242 2961 288 3015 Bc.

221 3053 252 3124 9,
270 3058 293 3110 3.
312 3055 442 3108 herculem
460 3071 490 3108 ac
507 3061 613 3110 martem
629 3058 676 3123 Oc,
698 3063 726 3112 et
743 3059 873 3112 herculem
890 3063 951 3126 poet
967 3058 1070 3126 placant

152 3148 202 3202 Bb.
271 3153 295 3202 4.
313 3163 451 3202 suenorum
461 3149 519 3216 θοὰ,
537 3149 680 3204 Suennrnm
691 3151 721 3206 B.
799 3157 823 3206 5.
840 3151 1032 3220 peregrinorum
1043 3151 1069 3205 0.

154 3243 179 3296 6.
198 3238 333 3308 figuratum
346 3243 533 3310 -parietibus
550 3247 590 3295 dte
606 3248 709 3311 scripta
726 3248 756 3297 tn
774 3245 801 3299 0.
886 3249 909 3299 l.
928 3243 1027 3297 adiecta
1046 3249 1072 3297 et

152 3350 219 3386 mccc
236 3334 361 3389 adiectam
378 3336 404 3389 0.
508 3339 532 3390 8.
550 3338 658 3405 spetiem
671 3353 693 3394 c.
803 3342 843 3392 10.
861 3342 1013 3392 consecrant
1030 3338 1071 3392 Cc.

189 3429 337 3482 numinibus
353 3446 437 3496 cupro
452 3432 581 3498 seriptum
590 3430 624 3482 οἳ.

222 3521 269 3591 lc,
288 3526 311 3576 1.
329 3522 476 3590 auspitiaO.
514 3523 627 3582 uiuite.
