2552 4172
361 301 525 344 mmmm
548 300 605 343 mn.
627 299 648 342 ιι
670 301 696 343 c.
719 299 759 342 νυ.
962 282 1023 344 127

105 475 219 556 ταμοῦ·
260 465 342 558 μετὰ
374 460 408 532 δὲ
439 464 568 543 τούτους
599 467 772 554 Καῦχοι
808 471 836 530 οἱ
872 464 1023 554 μικροὶ

105 579 191 668 μέχρι
223 587 280 644 τοῦ
317 578 518 670 Οὐισουργίου
551 585 710 666 ποταμοῦ·
768 574 837 641 εἶτα
852 605 854 610 ·
872 575 1023 663 Καῦχοι

105 697 134 756 οἱ
165 684 320 780 μείζους
351 692 438 781 μέχρι
470 697 527 754 τοῦ
557 685 680 773 Ἄλβιος
718 695 874 777 ποταμοῦ·
918 682 1052 776 ἐρεξῆςε

104 795 139 867 δὲ
170 802 218 867 ἐπὶ
245 799 301 867 τὸν
328 798 442 890 αὐχένα
468 807 523 889 τῆς
551 800 715 890 Κιμβρικῆς
740 795 919 889 χερσονήσου
946 785 1024 862 Σοί-Κ

104 908 220 991 ξονες·
257 910 355 1002 αὐτὴν
392 905 426 976 δὲ
461 910 518 1001 τήν
554 908 730 1001 χερσόνησον
763 910 834 998 ὑπὲρ
867 910 921 998 μὲν
951 907 1023 985 τοῦς

103 1019 236 1102 Σσίξονας
264 1020 506 1112 Σιγοῦλωνες
535 1020 596 1087 ἀπὸ
625 1015 760 1110 δυσμῶν,
796 1019 864 1085 εἶτα
892 1021 1022 1104 Σαβα-

101 1135 257 1224 λίγγιοι,
291 1131 360 1198 εἶτα
387 1126 589 1217 Κοβανῦοί·
623 1132 694 1221 ὑπὲρ
724 1132 773 1209 οῦς
800 1130 937 1212 Χοίλοι,
970 1132 1023 1196 καὶ
1042 1148 1073 1199 12

102 1251 151 1310 ἔτι
185 1245 256 1335 ὑπὲρ
296 1243 426 1321 τούτους
459 1238 676 1334 ὃυσμικῶτεροι
709 1244 763 1333 μὲν
796 1236 944 1310 Φουνῦ
955 1268 970 1308 ο
983 1240 1021 1307 ῦ-

102 1380 191 1437 σιοι,
225 1353 482 1447 ἀνατολικῶτεροι
512 1348 546 1420 δὲ
578 1348 795 1444 Χαροῦδες,
831 1353 955 1420 πάντων
987 1347 1021 1420 δὲ

102 1465 318 1556 ἀρκτικῶτεροι
336 1467 519 1556 Κίμβροι·
553 1464 634 1555 μετὰ
656 1459 689 1531 δὲ
709 1465 781 1542 τοῦς
802 1462 937 1544 Σοίξονας
960 1464 1020 1532 ἀπὸ
1040 1481 1071 1534 13

100 1585 157 1642 τοῦ
176 1574 341 1644 Χαλοῦσου
369 1584 512 1667 ποταμοῦ
534 1577 619 1666 μέχρι
640 1585 697 1642 τοῦ
719 1575 858 1667 Σουήβου
879 1585 1021 1666 ποταμοῦ

101 1683 342 1779 Φαροῦεινοί·
386 1687 454 1754 εἶτα
476 1681 649 1753 Σειδινοὶ
675 1689 761 1778 μέχρι
781 1696 839 1753 τοῦ
860 1681 1021 1752 Οῦιαδοῦα
1041 1704 1072 1754 14

99 1808 259 1889 ποταμοῦ,
289 1802 342 1865 καὶ
363 1798 429 1889 μετ’
455 1798 566 1876 αὐτοῦς
585 1799 836 1865 Ῥσυτίκλειοι
857 1798 943 1887 μέχρι
963 1806 1021 1863 τοῦ

99 1909 280 1977 Οὐιστοῦλα
300 1919 451 2001 ποταμοῦ.

162 2023 234 2087 Τῶν
262 2015 296 2086 δὲ
324 2020 409 2098 ἐντὸς
434 2022 486 2087 καὶ
508 2023 671 2112 μεσογείων
694 2025 791 2086 ἐθνῶν
813 2020 943 2110 μέγιστα
965 2019 1019 2110 μίν
1039 2037 1069 2088 15

99 2138 165 2199 ἐστι
187 2131 226 2198 τό
248 2155 284 2197 τε
302 2140 365 2197 τῶν
380 2131 555 2224 Σουήβων
577 2131 883 2223 τῶνἈγγειλῶν,
906 2135 936 2197 οἵ
948 2137 1019 2196 εἰσιν

99 2240 356 2332 ἀνατολικῶτεροι
383 2252 445 2308 τῶν
466 2239 698 2334 Λαγγοβοίρῦων
721 2243 928 2320 ἀνατείνοντες
949 2240 1020 2332 πρὸς

98 2355 154 2433 τὰς
167 2351 295 2445 ἄρκτους
309 2356 396 2444 μέχρι
409 2363 472 2420 τῶν
487 2356 585 2445 μέσων
599 2365 656 2423 τοῦ
668 2354 790 2441 Ἄλβιος
800 2363 951 2444 ποταμοῦ,
967 2355 1019 2419 καὶ

171 2573 195 2622 3.
213 2569 324 2638 καῦχονί
339 2569 372 2632 Α,
391 2571 478 2622 καῦκοι
494 2573 526 2627 B.
646 2576 669 2625 4.
689 2566 830 2639 οὖισίυργον
846 2570 884 2632 Α,
909 2564 1019 2637 οῦισουρ-

99 2656 154 2724 γίου
172 2671 196 2720 a,
214 2650 363 2724 οῦισοῦργιος
379 2655 431 2708 Bm.
451 2657 522 2718 cons.
542 2661 564 2724 1,
583 2659 606 2710 6.
693 2661 716 2710 5.
735 2653 821 2724 ἀλβίου
839 2672 864 2709 a.

101 2745 124 2794 6.
138 2742 224 2805 8.(13,
237 2742 270 2805 1.)
289 2735 386 2803 σᾶξονες
403 2735 505 2804 σάξονας
516 2759 541 2806 a,
560 2738 656 2804 αῦξσνες
673 2736 774 2803 αῦξονας
788 2740 844 2804 AG,
863 2735 944 2802 ἄξονες
961 2734 1017 2801 ἄξο-

101 2844 143 2885 νας
154 2825 231 2876 ΜΒπ.
251 2826 321 2888 cons.
337 2829 376 2889 17,
395 2829 418 2879 2.
438 2831 478 2893 31,
497 2830 520 2881 2.
631 2831 654 2880 8.
673 2821 823 2894 Διγοῦλωνες
881 2824 1018 2894 σαβαλλίγ-

101 2929 148 2977 γιυι
250 2911 297 2973 12,
315 2913 339 2964 2.
358 2907 512 2981 ρουνδοῦσιοι
528 2913 585 2978 Aa,
603 2913 750 2980 φουνδσῦσοι
766 2913 818 2965 Βπ.
922 2913 946 2963 4.
964 2909 1018 2979 κίμ-

103 2999 163 3065 βριοι
265 2998 306 3062 13,
325 3000 348 3049 1.
367 2992 477 3062 σάξονας,
495 2991 604 3065 αῦξονας,
622 2995 708 3060 ἄξονας
725 3003 757 3048 ut
774 3001 814 3059 11,
833 2999 856 3050 6.
876 2999 900 3049 8.

104 3087 127 3136 2.
144 3077 248 3151 σουήβου
265 3081 323 3146 AG,
340 3076 433 3151 συήβου
450 3083 503 3134 Bx.
612 3087 652 3147 14,
673 3087 694 3136 1.
713 3083 809 3136 σιδεινοὶ
826 3098 876 3135 am.
928 3075 1017 3133 ἰαδοῦα

103 3169 175 3220 ABae.
193 3167 264 3230 conf.
282 3170 306 3228 4,
327 3168 350 3220 2.
371 3169 393 3230 l,
413 3170 436 3220 6.
455 3170 479 3232 6,
498 3171 521 3221 5.
541 3170 582 3230 14,
602 3170 623 3219 3.
646 3172 684 3229 15,
703 3172 726 3222 8.
746 3172 786 3234 20,
805 3172 828 3222 5.
847 3169 888 3229 34,
907 3168 930 3219 2.
949 3167 974 3228 3,
992 3168 1017 3218 5.

105 3257 143 3317 20,
162 3255 182 3306 5.
269 3254 293 3303 2.
312 3251 353 3304 καί
370 3249 420 3322 μετ’
433 3282 467 3290 -
478 3253 593 3323 ποταμοῦ
611 3269 653 3304 om
670 3253 751 3317 adef?
767 3250 817 3324 μετ’
834 3269 869 3318 m,
886 3247 926 3303 ὑπ’
938 3251 1016 3303 ABoe.

168 3339 191 3388 3.
208 3330 324 3388 ίστοῦλαν
341 3338 397 3403 AG,
415 3336 510 3390 ἰυστῦα
526 3339 558 3403 B,
575 3342 614 3390 tr?

169 3423 206 3483 15,
225 3423 248 3474 2.
267 3415 354 3490 συήβοι
364 3424 397 3486 Α,
416 3417 515 3493 συήβων
527 3424 571 3475 Βπ.
589 3428 616 3475 et
631 3425 721 3476 eodem
732 3424 810 3475 modo
819 3439 871 3490 per
878 3427 1016 3490 proxima.

136 3504 236 3572 ανγειλοι
252 3506 290 3570 Α,
308 3500 417 3575 ἄγγιλῶν
434 3525 451 3560 a
457 3547 465 3575 ,
483 3505 598 3575 ἀγγυλων
615 3525 649 3560 m,
759 3511 781 3561 3.
800 3503 967 3579 λογγοβίιρδοι
983 3511 1017 3576 Α,

104 3593 188 3659 λογγο-
207 3607 250 3642 am
267 3589 352 3661 λογγι-
370 3609 384 3644 ο
401 3587 576 3663 λαγγιβάρδων
593 3610 617 3648 υ.
720 3597 743 3647 4.
762 3589 848 3662 ἀλβίου
867 3611 891 3648 a.
