2552 4172
255 276 314 337 124
514 291 676 334 Pronum}
698 291 754 334 ιιι.
777 291 799 334 ιι
821 292 847 337 υ.
871 292 909 336 ιι.

218 457 303 547 3*νη
325 455 365 546 γ’·
388 455 442 522 *τὸ
465 455 737 524 ἀνατολικώτατον
759 456 854 548 αὐτῆς
897 450 969 546 μὴ’
1010 464 1051 521 νῦ
1070 455 1165 544 λ’,ῑὴ

251 565 331 657 μετοὶ
352 565 410 657 τὴν
431 561 539 656 ἐξοχὴν
553 565 659 657 πρώτὴ
674 561 763 658 ἐξοχὴ
792 574 837 632 λθ
851 566 881 658 γ’
915 593 950 658 νὴ
965 561 1003 649 δ’,
1032 561 1167 658 ὴέρεξῆς

251 704 274 767 μ
306 703 356 767 νη,
384 677 403 767 ἡ
427 675 484 742 ὑπὸ
512 674 630 766 ταύτὴν
653 673 756 770 ἐφεξῆς
788 673 826 756 λζ
848 673 895 759 νζ,
923 678 942 768 ἡ
965 677 1036 767 πρὸς
1057 677 1166 743 ἀνατο-

217 788 306 865 4λοὶς
327 787 489 878 ἐπιστροφὴ
525 793 561 853 λε
605 811 649 863 νς·
692 787 857 856 Χαλοῦσου
882 797 1025 878 ποταμοῦ
1047 790 1167 873 ἐκβολαὶ

250 894 288 977 λζ
309 924 354 979 νς,
382 897 522 988 Σουὴβου
547 905 689 987 ποταμοῦ
711 901 837 983 ἐκβολαὶ
870 905 915 964 λθ
934 897 964 963 λ’
998 924 1043 981 νς,
1072 899 1167 965 Οῦια-

251 1003 329 1075 ῦοῦα
348 1016 491 1098 ποταμοῦ
506 1011 630 1093 ἐκβολαὶ
660 1013 701 1098 μβ
723 1008 745 1086 ς’
772 1034 810 1090 νς,
833 1008 1013 1076 Οὐιστοῦλα
1029 1017 1169 1098 ποταμοῦ

251 1122 376 1205 ἐκβολαὶ
408 1142 446 1208 με
468 1145 512 1202 νς,
542 1118 703 1210 ἡπεραλὴ
726 1128 784 1186 τοῦ
805 1127 947 1209 ποταμοῦ
991 1115 1033 1210 μδ
1075 1124 1110 1206 νβ
1128 1118 1167 1202 λ’,

221 1230 271 1320 ιὴ
295 1229 356 1296 ἀπὸ
379 1223 500 1319 δυσμῶν
523 1228 618 1320 αὐτῆς
639 1233 691 1296 καὶ
712 1233 762 1327 ἐπὶ
783 1229 839 1297 τὸν
857 1227 964 1315 ’Άλβιν
986 1233 1114 1323 φέρουσα
1146 1257 1168 1321 μ

249 1339 275 1417 ι’
309 1345 345 1424 νβ
366 1338 448 1429 νῦν

219 1463 235 1513 5
317 1449 380 1541 Τὴν
402 1444 437 1516 δὲ
458 1451 656 1543 μεσημβρινὴν
676 1452 807 1542 πλευροὶν
829 1447 917 1544 ὁρίζει
930 1455 988 1518 τοῦ
1002 1453 1168 1538 Λανουβίου

252 1569 395 1651 ποταμοῦ
417 1560 455 1628 τὸ
478 1554 622 1650 δυσμικὸν
651 1564 752 1653 μέρος,
780 1565 797 1629 ὃ
819 1564 903 1628 θέσιν
925 1569 988 1652 ἔχει
1008 1563 1168 1654 τοιαύτην·

252 1673 352 1764 ἡτοῦ
373 1673 543 1756 Δανουβίου
566 1673 681 1764 κεραλὴ
715 1680 735 1738 λ
767 1699 803 1763 μς
824 1673 865 1764 γ’·
897 1673 937 1739 τὸ
952 1673 1035 1739 κατοὶ
1050 1673 1107 1766 τὴν
1122 1679 1168 1740 ἐκ·

252 1783 367 1874 τροπὴν
394 1791 450 1849 τοῦ
477 1791 517 1860 εἰς
542 1783 600 1874 τὴν
622 1785 790 1875 Γερμανίαν
811 1782 933 1873 πρυὶτου
954 1793 1099 1874 ποταμοῦ
1133 1789 1170 1869 λβ

222 1889 293 1985 ιμζ
314 1889 353 1978 δ’,
381 1894 420 1961 τὸ
448 1893 532 1959 κατὰ
560 1894 616 1984 τὴν
644 1895 794 1986 ἐκτροπὴν
819 1901 876 1961 τοῦ
897 1894 968 1986 πρὸς
989 1898 1170 1987 μεσημβρίαν

253 2008 392 2097 φέροντος
413 2013 571 2094 ποταμοῦ,
601 2007 631 2083 ὃς
653 2013 794 2072 καλεῖται
813 2005 899 2083 Αἶνος
935 2001 975 2071 λδ
996 2001 1036 2096 μζ
1057 2005 1099 2096 γ’·
1134 2006 1169 2073 τὸ

253 2115 337 2181 κατοὶ
357 2115 414 2207 τὴν
436 2115 585 2207 ἐκτροπὴν
607 2125 664 2182 τοῦ
686 2116 756 2207 πρὸς
778 2114 905 2206 ἄρκτους
926 2119 1089 2207 φερομένου
1105 2112 1169 2184 δευ-

323 2392 347 2456 3,
368 2392 390 2442 1.
408 2385 437 2441 τὸ
456 2385 662 2460 ἀνατολικυὶτερον
679 2391 720 2442 καὶ
737 2385 887 2460 βορειᾶτερον
904 2391 957 2455 (om
976 2387 1059 2456 αῦτῦς)
1070 2406 1105 2443 m.
1139 2393 1170 2461 μδ

252 2476 327 2528 ΑΒα.
397 2477 420 2528 2.
437 2469 523 2544 προὶτὴ
541 2471 633 2545 στρορη1
650 2491 685 2530 m.
728 2470 778 2526 ἀπὸ
794 2475 837 2542 τῆς
853 2469 1032 2545 σ’ρκτικωτᾶτης
1049 2473 1169 2545 ἐξοχὴς-

254 2559 285 2621 εἰς
301 2555 346 2627 τὴν
363 2553 424 2631 μετὰ
440 2557 485 2628 τὴν
502 2556 687 2632 ἐπιστροφὴν
705 2555 778 2627 αῦτῆς
798 2555 897 2626 πρώτην
914 2556 1000 2628 ἐξοχὴν
1016 2579 1054 2613 ατ.
1071 2557 1121 2630 χν’,
1135 2579 1169 2613 στ.

255 2640 292 2714 ρν’
306 2645 341 2696 Μ.
372 2643 441 2706 Quae
453 2646 546 2699 deinde
558 2645 722 2714 subsequitur
734 2648 767 2698 40
781 2647 814 2698 58
826 2645 974 2709 Aeszlerm,
993 2645 1096 2699 οηιΒα.
1124 2643 1169 2698 ἀπὸ
1257 2661 1258 2725 ὴ

255 2729 283 2782 δὲ
299 2731 341 2798 τῆς
358 2726 419 2799 μετὰ
436 2727 480 2797 τὴν
498 2726 642 2802 ἐπιστροφὴν
665 2726 738 2797 αὐτῆς
755 2724 852 2800 πρώτης
869 2726 952 2799 ἐξοχὴς
968 2728 1000 2790 εἰς
1015 2724 1045 2783 τὸ
1062 2727 1170 2784 ἀνατολι-

253 2810 365 2868 κυὶτατον
377 2812 450 2883 αὐτῆς
460 2835 498 2869 στ.
511 2813 561 2885 ψκ’,
572 2835 609 2869 στ.
622 2810 661 2884 ρκ’
673 2815 708 2869 Μ.
721 2817 783 2865 ltine
792 2814 921 2866 Multam
932 2818 999 2868 1-2
1007 2818 1047 2868 ita
1059 2817 1172 2880 rafim-it

254 2894 319 2954 εἶτα
345 2899 374 2953 ἐν
397 2901 439 2970 τῷ
464 2898 646 2971 ἀνατολικῷ
670 2902 713 2952 vel
738 2899 767 2952 ἐν
793 2901 831 2971 τῇ
853 2895 1030 2972 ἀνατολικῇ
1054 2901 1171 2972 πλευρᾷ

254 2984 356 3054 αὐτῆς·
396 2983 412 3053 ὴ
437 2983 498 3056 μετὰ
521 2983 565 3053 τὴν
588 2980 779 3054 ἐπιστροφὴν
801 2976 886 3054 πρυὶιη
909 2979 980 3053 ἐξοχὴ
997 2983 1036 3038 λθ
1053 2982 1075 3054 γ’
1094 3006 1123 3054 νὴ
1140 2983 1170 3054 δ’,

252 3069 381 3141 ἠέρείῆς,
401 3067 430 3123 τὸ
454 3065 667 3123 σἰνατολικυὶτατον
689 3066 762 3136 αὐτῆς
785 3089 803 3141 μ
824 3088 862 3136 νὴ.
981 3073 1005 3124 3.
1024 3074 1048 3124 4.
1067 3067 1081 3124 ὁ
1099 3069 1171 3142 μυχὸς

253 3158 294 3222 τῆς
311 3156 437 3226 ἐπιστοφῆς
453 3173 486 3209 m.
588 3158 613 3220 1,
632 3158 656 3208 2.
674 3155 767 3224 συῆβου
783 3156 822 3220 Α,
846 3149 941 3224 ου’μβου
957 3153 999 3220 Μ,
1025 3156 1124 3227 σουὶβου
1139 3159 1168 3222 Β,

254 3237 361 3311 σουὴβου
378 3259 407 3294 α.
426 3241 497 3303 conf.
516 3245 546 3307 9,
565 3243 589 3293 2.
614 3243 659 3304 13,
678 3244 702 3295 2.
727 3243 835 3294 15-17.
854 3241 895 3291 22.
1028 3241 1119 3294 ἰλδουα
1135 3243 1169 3308 Μ,

254 3322 355 3380 οῦιάδου
367 3327 444 3378 ΑΒα.
463 3325 534 3388 conf.
548 3328 589 3392 14,
603 3329 624 3379 1.
683 3327 706 3378 3.
725 3326 759 3394 μβ
770 3319 794 3377 λ’
807 3323 878 3386 adef:
914 3325 1035 3378 Vistulao
1052 3328 1169 3381 υυιστέῑλα

253 3415 287 3480 Α,
306 3406 436 3465 οῦιστοῦλα
453 3412 532 3463 ΜΒια.
635 3413 659 3462 5.
678 3425 709 3480 μς
726 3407 787 3476 Aust,
805 3429 823 3480 μ
839 3404 862 3462 λ’
881 3411 925 3464 ad.

323 3501 348 3561 5,
366 3500 389 3550 2.
409 3498 479 3567 μέρος
495 3491 584 3558 οῦτως·
604 3500 646 3549 A?
732 3499 755 3549 3.
773 3492 789 3562 ἠ
807 3513 860 3564 κερ.
878 3495 923 3548 τοῦ
940 3513 996 3549 ποτ.
1014 3497 1068 3549 δαν.
1089 3499 1136 3550 Βισ.

255 3595 286 3652 μς
302 3575 350 3648 λ’γ’
372 3582 534 3644 Graslmfim.
639 3585 663 3635 ’1.
680 3581 739 3650 πρὸς
755 3575 799 3641 τοὶς
814 3598 836 3633 a.
