2560 4186
549 249 703 292 cananum.
1039 235 1075 296 11

154 417 235 480 vium
258 417 406 479 bellorum
429 426 551 479 euentus
573 416 753 497 exploratur.
798 417 861 478 eius
890 417 988 497 gentis
1010 436 1078 481 cum

154 546 215 608 qua
243 528 355 590 bellum
383 537 428 590 est
456 527 601 608 captivum
625 528 856 606 quoquomodo
879 527 1078 608 interceptum

153 657 226 701 cum
255 639 350 700 electo
378 638 567 719 popularium
589 655 712 700 snorum
734 638 837 718 patriis
860 655 1007 718 quemque
1029 657 1077 702 ar-

154 749 212 812 mis
241 749 441 811 committunt.
484 748 606 811 victoria
636 747 724 810 huius
745 748 791 811 vel
812 749 890 812 illius
912 767 967 830 pro
990 769 1076 830 prae·
1094 763 1119 805 2⁵

153 860 265 922 iudicio
289 859 443 939 accipitur.

221 972 258 1033 de
295 968 461 1031 minoribus
498 968 588 1030 rebus
625 969 777 1049 principes
813 969 998 1047 consultant,
1041 970 1126 1034 dell

153 1081 319 1144 maioribus
347 1098 466 1154 omnes,
495 1079 537 1140 ita
562 1088 661 1141 tamon
690 1089 723 1143 ut
751 1098 784 1141 ea
806 1099 926 1160 quoque
948 1100 1077 1161 quorum

154 1211 250 1274 penes
279 1189 397 1272 plebem
426 1188 580 1251 arbitrium
610 1197 655 1252 est
683 1189 761 1270 apud
790 1191 941 1271 principes
963 1203 1077 1271 pertra-

108 1310 111 1328 '
155 1311 289 1365 otentur.
331 1310 452 1376 coeunt,
475 1300 532 1362 nisi
554 1299 626 1380 quid
647 1300 804 1363 fortuitum
826 1309 855 1363 ct
877 1300 1006 1365 subitum
1029 1302 1076 1365 in·

153 1413 241 1488 cidit,
277 1412 366 1474 certis
399 1411 517 1486 diebus,
551 1429 618 1472 cum
652 1419 703 1472 aut
734 1411 892 1474 incohatur
926 1413 997 1475 luna
1026 1422 1106 1476 auto

153 1523 312 1604 impletur:
347 1541 415 1584 nam
448 1519 569 1602 agendis
602 1520 692 1583 rebus
722 1521 780 1584 hoc
813 1523 1077 1604 auspicatissimum

134 1634 273 1704 ,initium
307 1633 443 1695 credunt.
501 1651 557 1695 nec
590 1632 706 1695 dierum
738 1652 911 1710 numerum,
945 1644 978 1696 ut
1012 1654 1076 1711 nos,

154 1745 207 1806 sed
235 1744 370 1806 noctium
398 1751 581 1823 computant.
632 1743 674 1805 sic
702 1745 903 1820 constituunt,
932 1745 975 1806 sic
1004 1764 1077 1807 oon-

74 1831 76 1838 ’
153 1855 273 1916 dicunt:
308 1873 368 1918 uox
400 1855 509 1916 ducere
542 1854 621 1916 diem
648 1855 772 1916 videtur.
821 1853 893 1915 illud
922 1872 958 1915 ex
986 1854 1073 1916 liber·

154 1973 216 2028 tate
238 1959 350 2041 vitium,
374 1965 452 2046 quod
476 1983 537 2026 non
560 1964 649 2027 simul
669 1983 726 2026 nec
748 1973 781 2026 ut
795 1965 866 2027 iussi
881 1965 1074 2041 conveniunt,
1094 1979 1117 2020 tt

153 2076 207 2138 sed
235 2084 265 2137 et
293 2076 365 2138 alter
395 2083 425 2138 ct
451 2075 555 2137 tertius
583 2076 646 2138 dies
679 2075 868 2138 cunctatione
903 2076 1076 2140 coeuntium

154 2185 330 2249 absumitur.
374 2194 408 2248 ut
437 2185 523 2248 turha
546 2185 670 2267 placuit,
699 2187 860 2248 considunt
880 2188 993 2249 armati.
1037 2189 1077 2251 si·

154 2296 282 2358 lentium
316 2315 371 2376 per
402 2297 587 2373 sacerdotes,
621 2297 730 2378 quibus
762 2306 827 2360 tum
860 2307 890 2359 et
919 2297 1077 2365 coercendi

154 2407 203 2470 ius
230 2415 292 2481 est,
327 2406 497 2488 imperatur.
548 2426 617 2469 mox
645 2427 697 2470 rex
725 2409 772 2470 vel
797 2409 952 2490 princeps,
987 2418 1077 2489 prout

226 2636 266 2686 22.
291 2633 488 2701 exploratum,
520 2649 583 2686 corr
606 2650 641 2686 cc
666 2634 855 2702 exploriturb,
885 2633 1019 2702 explorant
1034 2595 1076 2686 Oc

225 2754 265 2806 23.
285 2753 415 2820 captiuam
424 2753 455 2805 B.
491 2729 515 2822 ip
536 2751 562 2805 0.
602 2753 753 2820 intercepto
773 2770 808 2805 ea·
825 2770 840 2807 o
860 2769 922 2806 corr
931 2754 958 2809 0.

127 2839 130 2846 Δ
156 2874 198 2926 24.
217 2886 311 2940 quenq;
323 2871 355 2923 B.
465 2873 506 2924 25.
524 2830 619 2923 suffio
630 2872 668 2937 B,
693 2869 831 2940 preinditio
845 2872 871 2926 C.
976 2874 1016 2925 26.
1034 2887 1076 2925 ac·

156 2965 310 3034 cipipiturc.

224 3059 271 3128 11,
291 3060 314 3111 3.
333 3060 537 3125 praetractentur
551 3073 578 3121 c,
603 3073 622 3127 p
639 3060 669 3109 in
686 3059 829 3126 punctetur
846 3072 909 3109 corr
925 3056 956 3122 0,
980 3061 1075 3123 pertra-

155 3155 259 3205 ctentur
277 3154 358 3203 cetera
376 3153 440 3204 tetri
452 3167 547 3203 ornnes.
618 3153 642 3203 5.
660 3150 853 3214 inchoaturw,
871 3149 1006 3202 incohatur
1013 3149 1076 3218 ape.

226 3247 250 3299 6.
267 3244 416 3312 auspicandi
435 3259 592 3297 summumc.
690 3248 713 3297 t.
731 3243 835 3296 inicium
846 3245 869 3295 b.
974 3244 997 3296 8.
1016 3259 1076 3296 con·

154 3342 249 3408 putant
266 3339 291 3390 0.
327 3338 349 3390 si
368 3339 527 3390 constituunt
543 3337 569 3391 0.
646 3341 686 3392 11.
706 3337 817 3390 catattoe
831 3337 870 3404 B,
892 3336 1034 3390 contationi
1049 3337 1076 3391 0.

227 3434 267 3485 12.
285 3432 360 3485 turba
373 3431 535 3496 Gronovius,
558 3430 677 3496 turch,
700 3429 843 3500 turbcbt'c.
932 3434 972 3486 13.
992 3436 1075 3494 tuma,

156 3539 217 3578 cum
228 3524 255 3590 0,
274 3531 360 3578 tamen
370 3524 418 3579 Bb.
455 3524 606 3578 cohercendi
617 3525 658 3580 Cc.

1114 2796 1120 2831 i
