2560 4186
401 253 595 298 εειιωιιοιιιε
617 256 702 300 ιιιιιιο
725 257 743 299 ι.
767 257 796 301 ιι.
1016 246 1056 308 53

133 428 204 486 οὖσι
225 423 278 485 καὶ
298 419 355 498 τάς
378 415 466 497 ὁδούς
486 421 748 512 έπιιιρυπτομένων
770 425 823 490 καί
843 421 900 501 τάς
920 423 1057 517 εὐπορίας

133 539 248 622 τροφῆς
269 556 305 597 τε
327 533 465 599 καὶτῶν
487 528 599 597 ἄλλων.
1119 589 1150 640 ¹4

135 694 142 707 .
168 645 283 708 ..καὶ
310 641 370 733 γάρ
397 635 535 734 δὴπολύ
557 668 590 739 τι
611 655 675 721 τοῖς
696 651 747 710 νῦν
768 644 787 735 ἡ
810 653 873 710 τῶν
893 645 1056 736 Ῥωμαίων
1074 601 1135 724 Est

132 751 313 844 ἐπικράτεια
341 756 395 819 καί
416 761 478 820 τῶν
500 753 688 845 Παρθυαίων
709 763 765 845 τῆς
786 755 931 847 τοιαύτης
952 761 1056 847 έμπει-

132 865 198 957 ρίας
219 859 418 956 προσδέδωκε,
441 864 581 957 καθάπερ
603 877 666 943 τοῖς
688 865 767 955 μετὰ
784 866 841 958 την
854 863 1056 959 Ἀλεξάνδρου

132 976 312 1068 στρατείαν,
342 973 382 1054 ὥς
409 1000 495 1066 φησιν
522 976 762 1068 Ἐρατοσθένης·
792 978 808 1044 ὁ
837 980 891 1069 μὲν
920 978 1054 1071 χάρτης

130 1082 238 1164 ’Ᾱσίας
258 1087 375 1178 πολλὴν
397 1086 584 1176 άνεκάλυψεν
605 1087 676 1179 ἡμῖν
697 1090 750 1154 καί
771 1097 833 1154 τῶν
857 1091 978 1182 βορείων
1000 1099 1084 1182 τῆςι

131 1197 280 1289 Εὐρώπης
301 1196 426 1270 ἅπαντα
448 1200 534 1290 μέχρι
555 1207 613 1265 τοῦ
631 1195 765 1290 Ἴστρου·
803 1207 830 1266 οἱ
852 1194 886 1266 δὲ
905 1201 1055 1291 Ῥωμαῖοι

131 1309 176 1375 τά
205 1311 325 1400 ἑσπέρια
347 1317 402 1401 της
422 1309 568 1402 Εὐρώπης
590 1307 715 1375 ἅπαντα
736 1311 836 1401 μέχρις
854 1308 976 1396 Ἀλβιος
997 1339 1053 1380 πο-

130 1429 236 1511 ταμοῦ
257 1429 314 1487 τοῦ
335 1420 392 1512 την
407 1422 574 1513 Γερμανίαν
596 1413 668 1510 δίχα
690 1414 873 1511 διαιροῦντος
892 1421 935 1488 τά
948 1449 985 1490 τε
999 1426 1053 1490 πέ-

131 1557 187 1622 ραν
206 1527 324 1623 Ἰστρου
352 1531 394 1598 τά
423 1534 509 1623 μέχρι
537 1530 622 1623 Τύρα
651 1540 808 1622 ποταμοῦ·
852 1532 894 1598 τά
922 1528 956 1600 δὲ
982 1537 1051 1602 έπέ-

131 1667 219 1709 κεινα
245 1643 332 1734 μέχρι
352 1644 506 1708 Μαιωτῶν
528 1645 581 1708 καί
601 1649 656 1733 τῆς
677 1649 717 1719 εἰς
737 1641 877 1733 Κόλχους
897 1645 1051 1712 ’τελευτώ-
1070 1664 1093 1706 ιο

131 1781 185 1846 σης
207 1756 354 1846 παραλίας
368 1748 558 1847 Μιθριδάτης
581 1754 597 1821 ὁ
620 1755 743 1844 κληθεὶς
757 1753 910 1845 Εὐπάτωρ
930 1759 1051 1847 ἐποίησε

129 1864 268 1957 γνώριμα
295 1867 348 1931 καί
369 1872 396 1931 οί
418 1866 533 1932 ἐκείνου
555 1867 736 1956 στρατηγοί·
773 1872 801 1931 οἱ
822 1859 856 1930 δὲ
877 1865 1051 1956 Παρθυαῖοι

129 1976 174 2042 τά
196 1979 262 2068 περί
282 1975 339 2067 τήν
359 1975 522 2068 Ὑρκανίαν
544 1979 597 2042 καί
617 1974 674 2066 τὴν
695 1975 884 2065 Βακτριανὴν
905 1979 958 2042 καὶ
979 1975 1050 2054 τούς

129 2088 205 2178 ὑπὲρ
232 2085 353 2154 τούτων
375 2086 500 2166 Σκύθας
527 2087 770 2178 γνωριμωτέρους
797 2087 867 2178 ἡμῖν
895 2089 1047 2179 ἐποίησαν,

127 2189 227 2290 ἧττον
253 2193 484 2289 γνωριζομένους
511 2197 570 2264 ὑπὸ
591 2204 653 2262 τῶν
674 2195 833 2288 πρότερον·
867 2195 947 2265 ὥστε
968 2205 1047 2290 ἔχοι·
1066 2227 1090 2269 ιε

128 2335 185 2401 μεν
208 2306 245 2375 ἄν
265 2334 299 2374 τι
319 2311 417 2399 λέγειν
438 2310 530 2377 πλέον
551 2317 614 2374 τῶν
636 2307 692 2400 πρὸ
713 2308 807 2400 ἡμῶν.

497 2514 518 2566 Ε
536 2512 630 2567 LIBRO
647 2514 676 2570 Π.
1062 2523 1087 2574 P·
1100 2509 1147 2560 ῙῙῘ

190 2632 338 2701 Μάλιστα
365 2627 397 2698 δ’
429 2639 456 2700 οἱ
485 2642 536 2700 νῦν
565 2629 685 2723 άμεινον
711 2639 806 2723 ἔχοιεν
834 2629 870 2696 ἅν
892 2658 924 2696 τι
945 2633 1043 2721 λέγειν
1060 2590 1138 2712 ἔιῗᾳίκ

126 2747 194 2836 περὶ
220 2752 284 2810 τῶν
312 2743 396 2810 κατά
417 2743 612 2837 Πρεττανοὺς
637 2747 690 2810 καὶ
711 2742 880 2834 Γερμανοὺς
901 2746 953 2808 καὶ
974 2742 1045 2820 τούς

53 2927 55 2930 ,
125 2861 192 2948 περὶ
213 2855 268 2923 τὸν
280 2853 394 2947 Ἴστρον
409 2855 480 2934 τούς
494 2880 530 2921 τε
545 2854 629 2933 ἐντὸς
643 2857 695 2920 καί
708 2853 780 2931 τούς
795 2852 883 2930 ἐκτὸς
896 2854 994 2930 Γέτας
1008 2877 1045 2936 τε

125 2971 179 3034 καὶ
200 2967 371 3058 Τυρεγέτας
392 2969 444 3032 καὶ
466 2966 656 3056 Βαστάρνας,
686 2971 734 3031 ἔτι
755 2958 789 3029 δὲ
809 2963 881 3042 τούς
901 2967 967 3054 περὶ
988 2963 1043 3031 τὸν

124 3077 300 3159 Καύκασον,
324 3075 384 3144 οἷον
405 3077 570 3164 Ἀλβανοὺς
591 3080 643 3142 καὶ
661 3072 785 3166 Ἴβηρας.

194 3300 225 3370 θ,
244 3304 266 3366 1,
284 3304 308 3354 4.
326 3301 514 3353 Eratosthenes
532 3299 606 3366 apud
622 3299 780 3353 Strabonem
795 3315 823 3366 p.
841 3301 882 3352 48.

192 3386 222 3456 5,
243 3388 283 3451 12,
301 3387 324 3440 2.
341 3379 491 3456 Πρεττανοὺς
506 3385 531 3438 Α
546 3387 564 3436 ι’.
582 3402 604 3438 ε.
623 3385 708 3436 codex
722 3384 881 3435 Parisiorum
895 3387 960 3438 1397
972 3401 1041 3438 saec.

124 3487 159 3525 ιιι
177 3477 203 3524 ει
221 3471 314 3544 02:13.
333 3472 419 3524 eodem
434 3471 594 3523 Ρονίιίειιιίι
614 3471 825 3524 13932a00.x111
843 3471 884 3522 vel
900 3484 950 3527 ιιιν.
1041 3476 1042 3482 ’

125 3561 149 3612 4.
167 3557 307 3629 τυρρεγίτας
322 3558 356 3610 Α.
460 3559 483 3610 5.
502 3548 620 3626 ἀρβιινούς
638 3555 665 3608 0.
