2560 4186
488 266 642 310 unanima.
981 253 1023 316 43

96 435 174 496 ‹leae
208 434 355 496 cultorem
388 434 476 496 etiam
508 433 587 498 inter
619 435 711 497 hostis
741 443 883 516 praestat.
938 455 1023 500 rarus

25 629 27 632 Ι
97 545 192 620 ferri,
223 547 366 625 frequens
394 545 516 610 fustium
545 563 627 609 usus.
670 545 819 608 frumenta
847 554 1022 627 ceterosque

98 658 218 718 fruetus
245 655 407 736 patientius
436 674 523 736 quam
552 675 606 737 pro
629 655 714 719 solita
737 656 953 720 Germanorum
976 659 1023 722 in·
1041 675 1066 716 15

100 767 175 830 ertia
202 765 350 829 laborant.
394 766 448 829 sed
475 777 504 830 et
530 786 611 830 mare
633 775 805 830 scrutantur
825 786 859 830 ae
881 767 936 832 soli
960 787 1023 831 um-

101 879 187 940 nium
223 877 375 956 sueinum,
413 878 494 958 quud
529 878 586 958 ipsi
622 879 752 960 glaesum
785 888 908 956 vocant,
944 881 1024 944 inter

74 989 173 1074 *rada
202 995 290 1069 atque
318 989 349 1050 iu
378 989 443 1070 ipso
470 989 557 1051 litore
583 988 697 1070 legunt.
741 1008 798 1053 nee
820 1009 896 1071 quae
917 1000 1040 1054 natura*

101 1118 215 1180 quaeve
247 1100 322 1162 ratio
355 1100 472 1181 gignat,
504 1108 539 1160 ut
567 1099 714 1177 barbaris,
748 1101 912 1182 quaesitum
941 1121 1022 1164 eom-

100 1219 271 1291 pertumre;
304 1211 354 1272 diu
384 1211 456 1292 quin
485 1211 573 1273 etiam
601 1211 680 1274 iuter
707 1219 804 1274 cetera
831 1213 1022 1275 eiectamenta
1040 1233 1065 1276 ao

100 1321 193 1385 maris
225 1319 353 1398 iacebat,
386 1323 484 1384 denae
515 1322 630 1384 luxuria
664 1329 765 1384 nostra
794 1323 875 1386 dedit
903 1343 1023 1388 nomen.

101 1433 175 1514 ipsis
198 1433 229 1495 in
254 1432 336 1495 nullo
364 1452 436 1496 usu:
462 1433 537 1496 rude
565 1433 686 1513 legitur,
715 1433 843 1495 informe
864 1436 1023 1514 perfertur,

100 1544 294 1625 pretiumque
326 1544 468 1606 mirantes
500 1544 660 1624 accipiunt.
709 1562 813 1606 sucum
846 1553 945 1608 tamen
975 1565 1023 1609 ar-

101 1653 210 1716 borum
241 1674 305 1718 esse
333 1655 500 1736 intellegas,
529 1654 597 1735 quia
625 1662 744 1718 terrena
771 1656 914 1735 quaedam
935 1665 1023 1737 atque

101 1767 192 1828 etiam
214 1767 344 1829 volucria
366 1766 501 1856 animalia
522 1765 699 1846 plerumque
720 1765 916 1843 interlucent,
947 1787 1022 1848 quae
1040 1789 1065 1830 aa

100 1877 253 1958 implicatu
286 1879 411 1940 humore
443 1892 511 1940 mox
545 1878 721 1940 durescente
748 1876 870 1938 materia
897 1878 1023 1941 eludun-

102 1997 163 2050 tur.
202 1988 376 2050 feuundima
398 1988 487 2068 igitur
508 2005 631 2050 nemora
651 1987 803 2066 lucosque,
825 1987 902 2049 sieut
924 1989 1023 2051 urien-

101 2098 302 2175 menecratis,
337 2097 387 2161 ubi
414 2108 480 2160 tura
507 2099 694 2178 balsamaque
721 2098 880 2173 sudantur,
909 2100 948 2162 ita
972 2119 1022 2162 ee-

102 2209 232 2272 eidentis
264 2208 370 2273 insulis
402 2211 549 2290 terrisque
589 2209 686 2276 inesse
719 2209 909 2285 crediderim
947 2229 1023 2292 quae

103 2320 196 2396 vieini
224 2319 295 2382 solis
323 2321 412 2382 radiis
440 2339 579 2402 expressa
607 2329 695 2401 atque
722 2319 864 2400 liquentia
893 2321 923 2384 in
953 2341 1023 2402 pro·
1040 2335 1065 2376 ³0

102 2429 218 2493 nimum
254 2448 335 2492 mare
371 2431 513 2493 labuntur
544 2451 578 2494 ae
609 2431 637 2493 vi
668 2439 874 2512 tempestatum
907 2432 938 2494 in
973 2434 1024 2495 ad·

102 2560 188 2604 versa
222 2541 308 2604 litura
341 2542 501 2605 exundant.
550 2543 574 2606 si
609 2550 744 2605 naturam
777 2543 873 2604 sueini
905 2543 1023 2604 admoto

175 2712 216 2764 13.
233 2710 317 2762 hostis
328 2703 359 2773 B,
377 2711 441 2764 ostis
453 2713 477 2776 3,
488 2709 643 2780 taddtmtp,
660 2711 750 2764 hostes
768 2710 808 2764 Ca.
897 2713 936 2764 16.
955 2727 1024 2764 scru-

103 2807 173 2858 tatur
185 2805 213 2859 0.
336 2807 376 2858 17.
394 2805 510 2858 sucinum
525 2805 596 2868 1300,
615 2805 747 2858 succinum
759 2807 783 2856 l.
836 2803 936 2870 glesum
952 2804 1023 2857 libri.

175 2900 215 2952 18.
233 2897 320 2952 littere
329 2897 395 2952 1300.
501 2901 540 2953 19.
559 2899 642 2966 giguit
655 2899 697 2951 ce.
790 2899 831 2950 22.
849 2912 897 2950 uso
913 2914 949 2965 pr
962 2897 988 2950 0.

104 2991 247 3059 ‹plerlmln
368 2993 409 3048 23.
427 2992 540 3062 preciurp
558 2992 606 3046 Bb.
676 3007 766 3046 sucum
783 2991 820 3057 B,
846 2992 1024 3044 suueumbGe.

174 3087 215 3138 24.
231 3084 363 3153 intelligas
375 3085 457 3139 unco.
562 3087 603 3139 25.
620 3085 762 3154 plerunque
775 3100 796 3137 a.
902 3084 943 3139 27.
961 3085 1025 3137 Foe-

105 3179 273 3246 condierat),
294 3179 458 3234 foecundiora
472 3196 494 3232 a.
615 3181 655 3234 28.
674 3179 787 3232 thurea.
845 3177 969 3232 sudantur
982 3178 1024 3244 Ca,

104 3273 255 3328 sudantur.
359 3275 400 3326 30.
417 3273 535 3338 talliae,
559 3272 723 3328 rudiustG.
776 3287 913 3340 expressa,
937 3287 966 3324 ea
985 3287 1025 3326 re-

104 3365 217 3436 gelantia
234 3367 430 3420 lachmanana.
543 3369 584 3423 31.
601 3367 729 3431 labuntur,
749 3381 779 3418 aa
797 3367 823 3417 vi
835 3364 1025 3432 Nipperdaiua.

155 3460 182 3512 ri
192 3459 255 3527 uuo,
268 3458 283 3512 i
293 3460 319 3514 O.
405 3463 447 3516 32.
465 3459 552 3515 littora
566 3461 633 3515 1100.
686 3459 799 3513 enudant
812 3459 844 3524 θ,
863 3458 990 3513 exsudant
1002 3475 1025 3514 a.

156 3554 239 3608 sueini
251 3554 299 3621 Ba,
317 3554 412 3608 succini
426 3555 470 3609 30.
