2552 4172
514 245 671 291 uxcsurrt.
990 231 1048 293 151

199 413 319 477 Claudio
363 413 453 494 igitur
495 413 655 494 scriptores
694 413 861 488 adulamus,
906 413 957 493 qui
992 414 1088 476 duos

128 524 213 588 milia
246 525 363 586 navium
396 522 589 586 horburamm
623 531 653 586 et
680 533 813 586 trecenta
842 523 945 604 viginti
973 523 1052 585 milio

129 642 314 698 armatorum
335 634 441 697 delevit
463 634 611 716 oppressit
631 634 761 711 adtrivit,
795 634 846 715 qui
868 634 1051 716 carraginem

128 754 259 824 tautam,
296 753 435 823 quautam
468 763 611 808 uumerus
645 745 694 807 hic
725 753 905 807 armatorum
935 744 1053 807 sibimet

128 865 235 938 optare
267 856 364 938 potuit
395 864 425 917 et
454 873 574 937 parere,
608 873 690 918 nuuc
722 855 935 931 incendeleoit,
969 873 1081 917 nuncu

129 949 201 1030 cum
224 965 363 1030 omuibus
384 966 501 1028 familiis
523 967 661 1028 llomcuo
683 966 801 1028 servitio
824 965 990 1048 deputavit,
1020 973 1053 1027 ut

129 1078 258 1139 docetur
286 1077 417 1140 eiusdem
446 1075 569 1158 epistole
591 1094 679 1156 quom
701 1076 737 1138 od
759 1076 866 1138 lulium
887 1075 1054 1138 Brocchum

128 1187 252 1269 scripsit
300 1187 451 1269 illyricum
503 1195 644 1249 tuentem.
710 1187 858 1249 ‘Claudius
907 1186 1052 1248 Broccho.

129 1297 295 1360 delevimus
337 1305 470 1359 trecenta
506 1297 617 1377 viginta
653 1297 732 1360 milia
769 1297 949 1373 Gothorum,
993 1299 1052 1360 duo
1076 1309 1081 1316 ”

129 1408 212 1470 milio
240 1407 358 1470 navium
386 1407 553 1470 mersimus.
603 1415 680 1469 tectu
707 1416 777 1470 suut
802 1409 924 1471 flumina
952 1409 1051 1486 scutis,
1072 1417 1096 1461 1⁰

129 1519 246 1600 spathis
274 1526 304 1579 et
329 1518 469 1580 lanceolis
493 1517 592 1579 omniu
613 1517 699 1580 litora
721 1519 928 1599 opperiuntur.
972 1538 1052 1583 cem·

129 1629 164 1710 pi
188 1627 303 1692 ossibus
329 1629 421 1690 latent
447 1628 534 1705 tecti,
563 1628 678 1691 nullum
701 1629 756 1691 iter
777 1648 887 1709 purum
909 1639 962 1692 est.
1006 1631 1053 1692 iu·

130 1757 208 1821 gens
241 1757 362 1820 carrago
396 1739 512 1801 deserta
546 1747 604 1801 est:
638 1747 753 1800 tautum
786 1739 943 1802 mulierum
971 1740 1052 1820 cepi·

129 1869 200 1912 mus
232 1859 265 1912 ut
297 1850 383 1912 binas
411 1859 441 1912 et
468 1858 568 1912 ternos
597 1849 736 1910 mulieres
763 1849 856 1910 victor
884 1848 939 1910 sihi
969 1850 1053 1912 miles

130 1961 228 2042 possit
271 1959 452 2041 adiungere!
485 1995 527 2006 -
559 1966 725 2039 pugnatum
768 1967 813 2020 est
853 1959 932 2020 euim
975 1957 1088 2039 cpudtl

130 2070 251 2132 Moesos
279 2079 308 2132 et
336 2070 427 2133 multe
454 2070 567 2151 proelia
595 2070 718 2131 luerunt
744 2068 822 2150 apud
849 2068 1053 2149 Marcianopo-

130 2180 193 2256 lin,
226 2181 311 2242 multi
344 2181 499 2262 naufragio
532 2179 701 2262 perierunt,
736 2179 871 2262 plerique
898 2179 977 2262 capti
1005 2197 1053 2242 re-

131 2308 204 2370 ges,
241 2299 343 2371 ceptae
379 2291 560 2353 diversarum
597 2290 729 2370 gentium
767 2291 883 2354 nobiles
915 2291 1053 2366 lemiuoe,

130 2400 264 2480 inpletae
296 2400 430 2463 barbaris
460 2402 551 2464 servis
583 2401 763 2481 senibusque
796 2401 959 2464 cultoribus
992 2401 1082 2462 llo-⁵

130 2527 238 2572 menae
275 2511 453 2592 provinciae.
509 2513 603 2574 lectus
639 2511 722 2574 miles
754 2531 791 2573 ex
822 2510 964 2586 barbaro,
1002 2529 1053 2572 co·

77 2659 80 2674 ·
130 2622 222 2683 loous
251 2641 267 2683 e
296 2621 409 2697 Gotho,
444 2640 500 2684 uec
527 2622 585 2684 ulla
617 2621 681 2683 luit
706 2621 787 2702 regio
821 2638 895 2700 quae
924 2621 1054 2682 Gothum

129 2749 251 2794 servum
288 2731 458 2812 triumphali
494 2733 620 2813 quodem
658 2727 777 2793 servitio
815 2749 877 2792 nou
921 2731 1052 2793 haberet.

133 2840 206 2920 quid
249 2841 340 2904 houm
389 2840 582 2905 harbarorum
632 2841 726 2904 nostri
767 2840 873 2911 videro
911 2841 1051 2904 maioresl

131 2951 205 3032 quid
238 2951 351 3013 oviuml
396 2951 466 3031 quid
499 2970 658 3033 equarum,
692 2969 765 3031 quas
798 2951 874 3012 lama
908 2950 1051 3028 nobilitat,
1070 2963 1095 3007 to

203 3236 233 3307 8,
253 3239 275 3290 1.
294 3236 425 3292 adulamur
442 3236 474 3291 B.
565 3239 588 3289 5.
607 3236 776 3290 incendelecit
793 3235 949 3302 Salmasius,
966 3235 1051 3287 inceu·

120 3311 239 3383 ‘disiecit
319 3375 324 3386 ,
342 3336 364 3384 l.
383 3330 459 3384 docet
476 3331 508 3383 B.
613 3332 652 3385 11.
671 3330 751 3397 spatis
847 3331 886 3383 tt.
904 3332 944 3381 est
962 3344 1004 3380 om
1021 3329 1052 3381 B.

202 3421 239 3492 9,
258 3425 282 3478 2.
299 3437 398 3478 messos
416 3425 446 3477 B.
510 3422 719 3490 marcianopolim
737 3424 765 3476 P.
863 3425 887 3476 6.
905 3421 978 3474 miles
995 3421 1053 3475 bor·

133 3516 197 3581 huri,
216 3532 279 3569 corr
296 3515 480 3570 Mommsenuc.
571 3519 594 3570 9.
613 3516 708 3570 bonum
720 3517 752 3584 B,
769 3515 859 3568 boum
871 3516 899 3568 P.
