2560 4186
377 256 573 304 ε-ετιυιιιοιιιε
595 255 680 300 ιιιιιιο
702 256 738 299 ιν.
832 321 834 326 Ι
974 240 1015 302 59

97 415 264 488 κατέδυνον
286 428 326 500 εἰς
340 420 391 486 ’τὰ
413 419 495 513 βάθη
516 424 681 505 πανοίκιοι,
706 415 822 511 νήσίδια
844 425 962 509 ἔχοντες
983 423 1016 486 έν

95 545 167 610 τοῖς
189 535 277 598 ἕλεσι·
320 537 352 599 έν
374 533 427 623 μὲν
450 526 501 599 οὐν
516 546 583 612 ταῖς
604 533 776 623 έπομβρίαις
796 530 939 621 ἀσφαλεῖς
959 531 1016 608 τοὶς
1035 553 1058 596 ιι

96 643 280 734 καταφυγὰς
299 642 391 733 εἶχον,
413 648 444 710 έν
459 638 494 710 δὲ
507 657 570 723 τοῖς
585 643 711 734 αὐχμοῖς
724 643 887 734 ἡλίσκοντο
901 635 1015 733 ῥᾳδίως.

95 757 165 820 νυνὶ
187 748 216 820 δ’
241 752 373 832 ἅπαντες
401 763 428 822 οἱ
452 755 537 834 ίντός
556 753 668 846 Ῥήνου
689 753 761 820 καθ’
784 752 912 847 ἡσυχίαν
934 749 1017 832 ὄντες

95 864 287 932 ὑπακούουσι
305 865 478 956 Ῥωμαίων.

164 976 210 1044 Τό
231 970 267 1042 δὲ
288 974 408 1067 σύμπαν
429 983 532 1067 φῦλον,
555 977 572 1043 ὃ
595 985 645 1042 νῦν
660 974 812 1043 Γαλλικόν
833 1001 870 1044 τε
888 979 941 1044 καὶ
954 978 1017 1043 Γα-
1035 957 1139 1090 ¹2¹9?

94 1086 227 1154 λατικὸν
249 1093 402 1171 καλοῦσιν,
425 1084 594 1179 ἀρειμάνιόν
616 1091 683 1153 έστι
703 1090 756 1153 καὶ
770 1085 900 1178 θυμικόν
914 1113 950 1155 τε
965 1091 1017 1156 καὶ

95 1197 181 1288 ταχύ
204 1198 275 1290 πρὸς
295 1197 407 1290 μάχην,
430 1197 530 1276 ἄλλως
551 1193 585 1265 δὲ
607 1197 723 1264 ἁπλοῦν
739 1201 792 1264 καὶ
807 1198 842 1266 οὐ
857 1198 1016 1291 κακόηθες.

96 1303 152 1374 διοὶ
181 1303 216 1376 δὲ
242 1318 339 1376 τοῦτο
367 1311 573 1401 ἐρεθισθέντες
600 1311 654 1399 μὲν
683 1307 790 1400 ἀθρόοι
811 1311 927 1377 συνίασι
947 1310 1018 1403 πρὸς

97 1419 172 1498 τούς
198 1419 320 1510 οίγῶνας
347 1424 399 1486 καὶ
427 1429 558 1513 φανερῶς
579 1423 632 1486 καὶ
654 1418 689 1486 οὐ
710 1419 791 1509 μετὰ
812 1422 1047 1513 περισιιέψεως,ε

97 1531 180 1599 ὥστε
202 1535 255 1598 καὶ
277 1531 534 1624 εὐμεταχείριστοι
560 1533 697 1622 γίνονται
717 1543 781 1609 τοῖς
801 1558 1018 1624 καταστρατη-

97 1655 164 1732 γεῖν
191 1645 348 1710 ἐθέλουσι·
376 1646 429 1709 καὶ
456 1642 514 1734 γάρ
542 1641 596 1710 ότε
625 1641 770 1728 βούλεται
794 1647 847 1709 καὶ
868 1642 945 1710 ὅπου
967 1648 1019 1711 καὶ

98 1753 150 1844 ἀφ’
182 1745 218 1846 ής
244 1760 334 1843 ἔτυχε
355 1753 529 1845 προφάσεως
550 1749 716 1845 παροξύνας
738 1780 783 1832 τις
806 1753 918 1832 αὐτοὺς
939 1756 1019 1820 ἑτοί-

98 1891 175 1954 μους
203 1863 369 1956 έσχεπρός
389 1864 444 1931 τόν
466 1859 616 1949 κίνδυνον,
645 1864 723 1956 πλήν
746 1867 811 1949 βίας
831 1867 884 1931 καὶ
905 1864 1020 1956 τόλμης

100 1970 190 2042 οὐδὲν
220 1981 345 2065 ἔχοντας
374 1976 412 2043 τό
440 1971 721 2067 συναγωνιζόμενον.
765 1977 1020 2068 παραπεισθέντες
1038 2002 1062 2044 ιο

100 2081 136 2153 δὲ
164 2085 299 2177 εὐμαρῶς
327 2080 478 2153 ένδιδόασι
504 2086 575 2179 πρὸς
602 2086 640 2153 τό
669 2086 827 2180 χρήσιμον,
861 2085 940 2154 ὥστε
967 2089 1020 2152 καὶ

100 2190 240 2275 παιδείας
261 2195 417 2264 ἅπτεσθαι
438 2201 490 2264 καί
510 2197 620 2288 λόγων.
658 2206 713 2290 τῆς
735 2192 769 2264 δὲ
786 2199 850 2283 βίας
864 2197 903 2265 τό
917 2200 971 2289 μὲν
986 2204 1021 2266 ἐκ

100 2317 166 2374 τῶν
195 2305 347 2399 σωμάτων
375 2313 442 2376 έστί
458 2307 611 2400 ’μεγάλων
640 2306 753 2391 όντων,
782 2309 820 2376 τό
842 2303 874 2374 δ’
900 2313 937 2376 ἐκ
963 2318 1021 2376 τοῦ

100 2418 256 2510 πλήθους·
307 2423 423 2487 συνίασι
450 2414 484 2487 δὲ
512 2419 595 2486 κατὰ
625 2426 742 2511 πλῆθος
770 2415 875 2512 ῥᾳδίως
904 2415 955 2486 διὰ
983 2420 1021 2486 τό

101 2531 220 2619 ἁπλοῦν
242 2533 295 2596 καὶ
316 2530 518 2614 αὐθέκαστον,
541 2529 852 2621 συναγανακτούντων
874 2543 937 2608 τοῖς
954 2524 1021 2596 ἀδι-
1040 2555 1064 2597 15

102 2648 226 2708 κεῖσθαι
246 2635 391 2723 δοκοῦσιν
419 2642 468 2710 ἀεὶ
493 2651 556 2707 τῶν
578 2645 711 2732 πλησίον.
755 2645 819 2708 νυνὶ
840 2643 894 2732 μὲν
916 2635 968 2708 οὐν
990 2645 1022 2707 έν

104 2751 202 2848 εἰρήνῃ
224 2751 336 2830 πάντες
357 2755 413 2820 εἰσί
434 2747 654 2842 δεδουλωμένοι
674 2755 727 2818 καί
748 2748 858 2832 ζῶντες
880 2752 963 2818 κατὰ
979 2752 1022 2818 τοὶ

102 2861 331 2956 προστάγματα
350 2872 413 2930 τῶν
436 2863 569 2931 ἑλόντων
583 2863 695 2941 αὐτούς
706 2863 879 2954 Ῥωμαίων,
902 2863 969 2929 ἀλλ’
987 2868 1023 2929 ένι

104 2984 167 3041 τῶν
194 2980 334 3040 παλαιῶν
361 2973 474 3065 χρόνων
499 2984 595 3044 τοῦτο
616 2974 810 3065 λαμβάνομεν
832 2977 897 3066 περὶ
919 2973 1022 3041 αὐτῶν

104 3089 242 3152 καὶτῶν
265 3087 351 3178 μέχρι
372 3093 423 3152 νῦν
445 3086 657 3177 συμμενόντων
679 3085 761 3178 παρὰ
783 3099 846 3163 τοῖς
861 3087 1023 3178 Γερμανοῖς
1040 3110 1066 3153 ιο

106 3199 248 3288 νομίμων.
291 3199 344 3262 καί
369 3196 427 3288 γάρ
454 3205 494 3294 τῇ
521 3197 607 3287 φύσει
634 3200 686 3263 καί
713 3209 777 3275 τοῖς
805 3196 1021 3287 πολιτεύμασιν
1038 3226 1065 3282 p.
1077 3212 1125 3264 196

175 3452 207 3525 4,
223 3456 247 3520 2,
266 3447 439 3528 λιᾶρημόινιον
455 3455 541 3526 ABssL
610 3459 636 3510 4.
652 3456 767 3510 συνίεσαν
782 3455 837 3510 Ac,
910 3460 950 3512 15.
967 3477 1023 3512 συν-

110 3549 301 3618 αγανακτοῦντες
318 3548 368 3603 ΟΒ.
467 3552 507 3604 20.
526 3550 567 3602 καὶ
584 3549 739 3628 Μείαοίιίυε,
756 3547 783 3602 ἐκ
800 3549 870 3609 libri.
