2552 4172
386 245 559 288 ,ιιοικκιιι
578 246 635 290 rra.
657 247 689 288 111
711 247 737 290 c.
759 247 785 288 v.
995 232 1053 295 135

125 412 221 495 βολαὶ
243 436 272 486 νς
287 433 322 498 νη
337 407 377 491 λ’,
392 408 529 474 Χεσύνου
543 418 685 497 ποταμοῦ
705 413 830 493 ἐκβολαὶ
852 435 887 499 νη
901 409 931 474 λ’
954 418 994 475 νῦ
1007 411 1052 476 λ’·

120 521 147 611 ἡ
181 519 263 586 κατὰ
292 518 347 584 τὸν
377 512 428 584 διὰ
456 518 579 610 Θούλης
604 518 798 609 παράλληλον
827 528 882 609 τῆς
903 524 1085 611 παραλίου3

120 633 220 714 θέσις,
244 631 397 696 τουτέστι
409 629 447 696 τὸ
470 632 557 707 τέλος
578 638 633 719 τῆς
653 628 816 720 θαλάττης
831 639 886 719 τῆς
902 634 1052 720 ἐγνωσμέ-

122 767 179 831 νης
194 736 230 826 ξβ
247 736 300 831 ξγ·
317 741 354 806 τὸ
371 735 404 807 δὲ
419 739 502 806 κατὰ
519 740 573 806 τὸν
586 739 783 831 μεσημβρινὸν
798 742 887 830 πέρας
903 750 957 831 τῆς
971 743 1051 832 Σαρ-
1071 757 1087 807 4

125 854 242 941 ματίας
253 851 291 918 τὸ
304 846 355 916 διὰ
366 853 429 916 τῶν
441 859 545 941 πηγῶν
561 859 618 917 τοῦ
634 845 783 927 Τανάϊδος
797 859 940 940 ποταμοῦ
952 856 1053 942 έπέχει

122 965 233 1053 μοίρας
263 956 299 1040 ξδ
326 957 357 1040 ξ
372 963 436 1049 [καὶ
463 955 500 1038 ξδ
527 961 591 1050 νη]·
626 960 686 1027 ἀπὸ
723 955 756 1026 δὲ
791 956 912 1050 δυσμῶν
941 971 987 1046 τῷ
1015 981 1085 1032 τεὸ

123 1071 310 1158 Οὐιστοιίλορ
331 1080 463 1160 ποταμῷ
478 1074 530 1136 καὶ
545 1079 591 1154 τῷ
607 1066 723 1160 μεταξὺ
738 1080 794 1161 τῆς
808 1079 940 1162 κεφαλῆς
955 1074 1051 1140 αὐτοῦ

122 1186 180 1249 καί
208 1191 272 1247 τῶν
295 1183 498 1271 Σαρματικῶν
521 1181 611 1272 ὀρέων
633 1183 714 1272 μέρει
734 1183 901 1272 Γερμανίας
922 1187 973 1249 καὶ
996 1184 1051 1248 αιἰ-

123 1306 191 1370 τοῖς
220 1305 284 1370 τοῖς
312 1289 421 1382 ὄρεσιν,
455 1283 496 1356 ῶν
524 1291 544 1382 ἡ
573 1293 655 1368 θέσις
682 1297 813 1383 εἴρηται·
859 1293 919 1360 ἀπὸ
943 1289 976 1360 δὲ
997 1308 1085 1385 raa-6

124 1406 274 1494 σημβρίας
301 1415 364 1479 τοῖς
379 1412 427 1467 .’τε
448 1397 560 1480 Ἰοίζυξι
588 1414 651 1478 τοῖς
672 1403 890 1481 Μετανάσταις
912 1405 973 1471 ἀπὸ
996 1415 1052 1471 τοῦ

121 1516 232 1580 νοτίου
254 1522 317 1577 τῶν
333 1514 535 1603 Σαρματυιῶν
558 1511 648 1602 ὀρέων
670 1515 799 1603 πέρατος
820 1517 907 1604 μέχρι
928 1525 982 1606 τῆς
999 1515 1052 1605 ἀρ-

124 1633 181 1714 χῆς
210 1633 268 1688 τοῦ
294 1619 465 1711 Καρποίτου
497 1620 595 1712 ὅρους,
630 1624 645 1688 ὃ
675 1629 737 1711 ἔχει
764 1626 849 1689 θέσιν
881 1652 917 1713 μς
944 1651 985 1715 μη
1010 1625 1050 1708 λ’,
1129 1709 1132 1717 ἱ

123 1739 179 1800 καὶ
208 1743 248 1828 τῇ
277 1745 396 1822 συνεχεῖ
415 1733 517 1818 Δακίορ
545 1733 627 1822 παραὶ
654 1733 709 1798 τὸν
739 1732 834 1799 αὐτὸν
855 1735 1080 1826 παροίλληλονι

122 1847 216 1935 μέχρι
237 1853 300 1910 τῶν
322 1845 526 1936 Βορυσθένους
547 1851 603 1910 τοῦ
625 1852 772 1932 παταμοῦ
795 1848 929 1928 ἐκβολῶν
943 1850 1050 1942 καὶτῇ

124 1961 272 2032 ἐντεῦθεν
293 1963 351 2021 τοῦ
371 1953 496 2020 Πόντου
517 1953 655 2042 παραλίῳ
677 1955 763 2042 μέχρι
787 1963 845 2020 τοῦ
867 1957 1050 2045 Καρκινίτου

123 2074 287 2156 ποταμοῦ·
311 2106 352 2115 -
375 2063 435 2142 ἀπὸ
457 2058 491 2128 δὲ
513 2063 673 2130 ἀνατολῶν
691 2067 863 2154 περιέχεται
875 2075 922 2148 τῶ
937 2092 973 2133 τε
989 2066 1050 2134 ἀπὸ

122 2185 185 2243 τοῦ
208 2177 393 2265 Καρκινίτου
420 2183 563 2263 ποταμοῦ
593 2182 691 2264 ἰσθμῷ
720 2178 772 2241 καὶ
793 2203 833 2273 τῃ
855 2176 939 2274 Βύκη
961 2180 1049 2274 λίμνη

124 2291 181 2352 καὶ
209 2296 249 2382 τῇ
278 2288 364 2376 μέχρι
390 2294 447 2352 τοῦ
470 2280 619 2362 Τανάϊδος
639 2296 780 2377 παιαμοῦ
801 2297 857 2379 τῆς
877 2284 1052 2366 Μαιώτιδος
1070 2311 1093 2352 ιο

199 2505 222 2557 4.
241 2495 344 2568 χεσιίνου
360 2500 404 2567 ορι
417 2499 458 2566 Μ,
474 2500 570 2567 χεσίνου
586 2517 608 2550 α
623 2506 732 2566 praeter
749 2498 852 2569 χεοήνου
869 2502 922 2565 Af,
941 2502 1050 2570 χερσίνου

126 2595 196 2646 Bad.
261 2595 284 2658 3,
305 2598 326 2647 1.
344 2590 358 2644 ί
379 2610 420 2645 om
433 2595 499 2646 Bad.
534 2593 632 2661 Thyles
651 2586 792 2659 θοίληςΑ.
857 2599 881 2659 4,
901 2598 924 2649 1.
943 2597 966 2648 2.
985 2589 1049 2646 κατὰ

123 2683 198 2740 τδ-
210 2682 239 2740 τὸ
254 2685 332 2753 ΑΒεσ,
350 2703 413 2741 σοιν·
432 2686 597 2748 Graalaofiur.
615 2684 686 2747 conf.
701 2685 730 2736 M
744 2688 768 2750 2,
784 2688 816 2740 38
835 2692 862 2739 et
878 2686 954 2748 infra
966 2691 1006 2754 10,
1025 2691 1049 2741 6.

197 2784 220 2834 3.
233 2779 264 2843 ξδ
276 2777 310 2847 ἔχ’
321 2782 384 2833 Boe..
412 2781 453 2832 καὶ
471 2778 499 2842 ξδ
517 2797 545 2846 ιη
557 2781 720 2845 positionem
731 2779 818 2841 fontia
833 2779 932 2832 Tanais
945 2798 979 2832 ια
992 2783 1006 2848 ξ
1019 2784 1050 2834 14

125 2874 234 2926 addunt
249 2874 328 2928 ΑΒα.
345 2915 348 2922 ,
408 2877 432 2939 5,
451 2876 482 2926 2.,
492 2869 610 2926 ἴυστοιίλα
626 2873 650 2924 Β
667 2873 723 2940 (Μ).
776 2872 817 2924 καί
833 2873 865 2944 τῇ
882 2873 1002 2944 Γερμανίᾳ
1019 2877 1050 2945 τῇ

123 2963 224 3038 μεγάλῃ
245 2962 307 3034 μετὰ
323 2961 357 3018 τὰ
372 2962 515 3036 Σαρματικοὶ
532 2963 577 3035 ὅρη
595 2966 625 3018 Μ
639 2967 695 3032 (ubi
709 2966 840 3019 Mallem
855 2964 986 3039 τρῖμεταξὺ
997 2968 1048 3021 τῶν

125 3061 207 3131 Σαρμ
226 3056 292 3130 ὀρῶν
309 3063 453 3127 reposuit),
477 3064 504 3112 et
520 3063 593 3129 parte
611 3059 745 3130 Germania
762 3076 813 3130 qua
830 3064 871 3114 est
887 3061 955 3114 inter
972 3066 1049 3130 caput

125 3154 210 3221 ipsius
232 3157 259 3206 et
283 3151 454 3206 Sarmatarum
478 3156 579 3206 morales
597 3153 752 3220 Aaralmcr,
775 3158 802 3207 ει
823 3158 895 3222 parte
918 3170 985 3224 quae
1009 3160 1049 3210 εει

126 3248 195 3301 inter
219 3250 296 3314 caput
318 3247 400 3314 ipsius
425 3250 451 3299 et
470 3245 667 3300 Sarmaticarum
690 3248 815 3301 montium
837 3248 905 3300 linea
927 3251 1049 3316 interpr„

126 3341 170 3393 καὶ
186 3342 216 3410 τῇ
233 3335 322 3407 μεταξὺ
334 3369 369 3390 -.
380 3337 457 3410 ὀρέων
472 3341 575 3411 γραμμῇ
592 3341 644 3406 Bar,
662 3357 725 3393 corr·
743 3341 907 3405 Graakofiua.

197 3435 222 3498 6,
239 3436 263 3486 2.
281 3429 442 3502 μετανάστοισ
526 3435 551 3487 3.
568 3433 677 3503 πέρατος,
695 3428 710 3485 δ’
727 3432 803 3504 ἐπέχει
820 3435 904 3506 μοίρας
938 3436 972 3505 μβ
989 3430 1012 3487 λ’

126 3546 160 3598 μη
179 3525 195 3578 λ
213 3527 257 3578 Bra
271 3533 381 3594 praeter
398 3527 532 3594 ep¹=A.
574 3569 575 3574 ,
636 3532 660 3580 4.
678 3546 703 3587 νς
721 3529 750 3581 B.
