2552 4172
254 246 314 308 142
555 255 645 304 marus
667 260 851 304 cnrrronmrs

211 450 235 492 1o
252 439 385 494 maturos
421 447 489 491 eum
522 429 573 509 qui
607 438 669 491 erat
702 437 818 490 creatus
850 427 989 491 dicebant
1023 449 1112 510 quam
1147 433 1183 493 id
1268 501 1269 510 ἢ

252 542 362 604 nostris
389 524 557 620 placuisset
574 539 811 620 imperatoribus.
860 537 969 602 Lucius
996 548 1097 602 tamen
1129 543 1182 604 in-

1268 427 1269 468 t

250 653 326 714 vitus
359 651 511 732 profectus
544 661 597 712 est.
648 669 715 712 cum
748 649 883 730 plerique
913 649 949 711 ad
976 649 1090 728 legatos
1120 653 1182 715 im·

251 771 423 845 paratorum
453 761 606 824 mitterent
632 760 807 823 deiectionis
834 761 949 821 veniam
979 763 1180 840 postulantes,

252 873 362 936 Lucius
389 873 508 954 quidem
536 871 616 952 quod
645 872 769 933 amissus
797 879 875 933 esset
896 872 1066 951 praefectus
1088 891 1181 954 prac—

210 1001 234 1043 aa
252 985 327 1048 toric
358 984 466 1047 Furius
488 982 657 1046 Victorinus
686 991 775 1062 atque
805 1000 875 1062 pars
904 982 1053 1045 exercitus
1081 984 1181 1046 inter-

250 1097 321 1160 isset
363 1094 549 1157 redeundum
593 1113 657 1156 essu
700 1092 848 1155 censebat.
907 1091 1025 1154 Marcus
1066 1103 1178 1172 autem,

251 1207 364 1285 fingere
394 1205 534 1267 barbaros
563 1204 722 1267 aestimans
748 1212 778 1266 et
799 1204 899 1284 lugam
923 1209 952 1264 et
975 1212 1075 1266 celera
1099 1223 1178 1284 quae

251 1315 440 1378 securitatem
469 1314 603 1376 bellicam
633 1315 841 1390 ostenderent,
878 1314 915 1374 cb
944 1313 1001 1374 boc
1033 1333 1074 1376 ne
1102 1318 1179 1379 tanti

252 1434 409 1506 apparatus
441 1425 519 1488 mole
551 1434 760 1505 premerentur
788 1423 959 1488 instandum
989 1442 1055 1486 esse
1084 1425 1177 1488 duce·

209 1557 235 1602 ac
251 1536 310 1598 bat.
365 1535 493 1615 denique
528 1537 707 1598 transcensis
739 1535 864 1616 Alpibus
895 1534 1014 1615 lougius
1051 1553 1177 1615 proces·

251 1655 356 1709 serunt
387 1654 680 1727 composueruntque
715 1647 812 1708 omnia
847 1663 923 1725 quae
952 1645 988 1706 ad
1018 1646 1175 1708 munimen

251 1756 350 1819 ltaliae
385 1765 473 1837 atque
509 1755 618 1838 lllyrici
661 1756 861 1837 pertinebant.
900 1755 1032 1836 'placuit
1074 1764 1175 1818 autem

251 1876 378 1949 urgente
414 1867 507 1930 Lucio
543 1874 577 1928 ut
612 1867 783 1946 praemissis
819 1867 853 1928 ad
891 1875 1028 1928 senatum
1068 1866 1176 1928 litteris

251 1978 360 2041 Lucius
389 1977 514 2040 Romam
548 1977 673 2054 redirem
712 1977 887 2057 Altinoquc,
921 1984 1080 2058 postquam
1118 1977 1176 2039 iter

322 2131 360 2182 12.
375 2134 441 2196 post
452 2131 493 2181 est
504 2127 681 2181 Mommsenua
692 2129 872 2200 interpunxit.
936 2129 975 2180 14.
988 2129 1014 2180 et
1026 2126 1111 2179 lucius
1123 2127 1176 2192 BP,

251 2211 342 2266 Lucius
360 2213 544 2268 Mommsenue.
632 2216 672 2267 15.
690 2216 787 2281 atquae
804 2212 842 2278 B,
859 2216 940 2280 utque
957 2213 986 2265 Ρ.
1077 2214 1117 2264 16.
1135 2226 1175 2264 ee·

252 2300 291 2348 set
304 2296 333 2360 B,
352 2297 404 2348 ei*
416 2298 444 2349 Ρ.
506 2299 546 2353 22.
565 2297 658 2365 yllirici
676 2298 707 2350 B.
778 2299 818 2349 24.
836 2297 975 2365 Altinoque
987 2295 1176 2362 mammenus,

250 2380 338 2449 ibique
357 2383 385 2433 H
399 2383 545 2450 Iordouue,
570 2382 716 2451 biaquoque
734 2383 785 2434 BP.
856 2382 923 2434 Veri
941 2385 996 2435 aa
1020 2380 1052 2432 ad
1078 2380 1173 2434 bellum

251 2465 428 2520 Germanicum
447 2465 560 2533 Murcus,
583 2466 652 2536 quod
671 2467 753 2520 nollet
765 2466 869 2519 Lucium
887 2466 943 2518 sine
961 2481 989 2518 se
1007 2465 1050 2517 vel
1069 2465 1101 2518 ad
1120 2465 1175 2519 bel-

250 2551 303 2603 lum
321 2553 423 2606 mittere
440 2554 483 2607 vel
501 2554 527 2605 in
544 2553 608 2605 urbe
626 2552 754 2605 dimittere
773 2565 849 2603 causa
867 2550 996 2616 luxuriae,
1020 2550 1099 2602 simul
1116 2565 1173 2618 pro·

251 2635 312 2690 lecti
337 2641 398 2691 sunt
422 2641 500 2706 alque
518 2637 662 2707 Aquileiam
688 2640 815 2690 venerunt
837 2635 970 2702 invitoque
995 2633 1075 2686 bneio
1094 2633 1173 2706 Alpes

252 2723 417 2788 transgressi,
441 2737 498 2775 cnm
516 2721 599 2776 Verus
617 2721 683 2790 apud
702 2721 847 2790 Aquileiam
867 2725 964 2773 tantum
983 2725 1095 2773 venatus
1114 2734 1174 2772 cou-

250 2805 404 2875 rivatusque
423 2811 505 2872 esset,
523 2805 623 2860 Marcus
641 2811 727 2859 autem
745 2805 831 2857 omnia
850 2804 1033 2872 prospexisset.
1069 2803 1102 2857 de
1121 2820 1171 2873 quo

249 2889 318 2943 bello
337 2891 450 2960 [quidem
473 2885 519 2959 per
542 2891 643 2958 legatos
666 2890 831 2943 barbarorum
850 2903 939 2955 pacem
957 2889 1100 2956 petentium
1118 2888 1173 2957 qni-

250 2973 307 3028 dam
332 2990 379 3042 per
405 2975 484 3028 duces
502 2981 605 3029 nostros
623 2978 724 3043 gestum
743 2977 790 3038 est]
809 2974 835 3026 in
853 2972 932 3026 Marci
951 2973 1005 3025 vita
1023 2972 1173 3040 plenissime

250 3058 407 3128 disputatum
432 3064 480 3114 esi.
516 3061 650 3128 conposito
675 3063 760 3112 autem
784 3057 853 3111 bello
877 3059 903 3110 in
922 3057 1071 3122 Pannonia,
1097 3071 1173 3125 urgu-

249 3147 308 3196 ente
336 3143 414 3198 Lucio
446 3145 590 3213 Aquileiam
619 3143 750 3196 redierunt
779 3143 900 3211 quodque
931 3141 1043 3194 urbanas
1073 3140 1172 3194 deside·

249 3228 323 3281 rabat
339 3229 432 3282 lucius
450 3229 609 3296 voluptates,
633 3229 659 3280 in
682 3227 772 3281 urbem
794 3227 943 3281 festinatum
967 3231 1013 3278 est.
1050 3226 1096 3278 sed
1121 3241 1171 3277 non

250 3312 328 3380 longe
353 3314 385 3367 ab
409 3312 496 3366 Altino
520 3313 605 3366 subito
631 3314 656 3364 in
679 3311 799 3365 uehiculo
822 3311 911 3364 morbo
935 3325 1010 3380 quem
1034 3309 1171 3378 apoplexin

250 3403 345 3452 vocant
363 3402 496 3465 correptus
514 3397 619 3464 Lucius,
644 3397 777 3464 depositus
796 3411 810 3448 e
828 3395 960 3461 vehiculo,
980 3394 1097 3448 detracto
1116 3409 1172 3448 san-

251 3482 327 3549 guine
349 3483 463 3535 Altinum
490 3482 640 3549 perductus,
669 3496 726 3534 cnm
754 3479 838 3532 triduo
860 3482 946 3533 mutus
970 3479 1081 3532 vixisset
1103 3477 1169 3546 apud

250 3566 364 3618 Altinum
384 3566 467 3634 periit.
502 3567 567 3618 inter
585 3582 648 3618 corr
665 3568 692 3619 P.
