2552 4172
392 259 411 300 n
433 257 518 302 aurun
540 257 626 302 mano
649 257 754 300 uxxru.
970 242 1029 304 113

117 427 172 504 rit,
196 427 340 509 ploratum
362 428 489 490 adierint
510 424 621 492 Indos?
647 427 718 508 quid
740 423 833 506 ergo?
855 444 917 488 non
939 426 1031 490 multa

17 619 22 626 υ
115 557 211 620 aeque
236 540 367 602 sabulosa
396 539 529 620 produnt
555 537 682 620 poetae?
711 539 764 600 sed
790 538 848 599 boc
874 537 905 599 in
935 555 969 599 ea
996 555 1030 599 re

116 669 192 729 quae
223 652 329 714 cotidie
365 651 521 713 invehatur
553 659 641 732 atque
672 650 804 713 abundet
836 667 870 711 ao
908 646 1031 712 menda·

114 761 194 824 cium
221 770 362 844 coarguat
388 762 466 825 serio
494 779 670 842 quemquam
699 760 806 823 dixisse
834 777 949 822 summa
975 759 1031 821 ho·

113 873 228 935 minum
258 874 440 954 contemptio
470 883 515 936 est
542 881 572 936 et
598 872 784 936 intoleranda
805 870 1028 934 mendaciorum
1047 888 1072 932 1o

111 982 272 1064 inpunitas.

176 1105 291 1158 eertum
314 1106 360 1160 est
379 1097 462 1177 gigni
483 1097 514 1159 in
537 1095 641 1158 insulis
662 1094 903 1176 septentrionalis
918 1093 1030 1156 Oceani
1045 1101 1079 1155 41

113 1213 142 1267 et
163 1207 200 1269 ab
223 1207 379 1270 Germanis
401 1207 540 1289 appellari
568 1208 715 1288 glaesum,
743 1207 841 1288 ltaque
863 1214 893 1270 et
914 1205 950 1268 ab
973 1225 1028 1268 no·

113 1317 182 1380 stris
211 1318 250 1381 ob
280 1320 311 1382 id
340 1337 430 1382 unam
459 1318 623 1382 insularum
650 1317 826 1382 Glaesariam
853 1318 1029 1402 appellatam

113 1427 290 1494 Germanico
319 1432 442 1493 Caesare
470 1449 518 1492 res
550 1430 592 1494 ibi
624 1439 746 1512 gerente
778 1430 935 1509 classibus,
967 1431 1028 1492 du-

109 1543 267 1604 steraviam
299 1561 315 1604 a
347 1541 481 1604 barbaris
513 1541 629 1603 dictam.
684 1542 815 1605 nascitur
845 1550 943 1605 autem
976 1543 1063 1606 ‹le-o

109 1653 223 1716 lluente
250 1653 377 1715 medulla
403 1652 484 1734 pinei
512 1653 631 1735 generis
659 1653 817 1717 arboribus
842 1663 876 1716 ut
904 1654 1029 1718 cummis

109 1764 141 1827 in
169 1764 295 1840 cerasis,
325 1763 423 1827 resina
450 1764 480 1826 in
509 1765 597 1845 pinis.
641 1766 770 1846 erumpit
794 1764 906 1828 umoris
932 1765 1028 1828 abun·

110 1875 225 1951 dantia,
253 1876 396 1938 densatur
424 1876 523 1958 rigore
544 1877 590 1938 vel
612 1885 747 1958 tempore
769 1877 930 1953 autmari,
960 1897 1028 1940 cum

109 2005 179 2048 vere
208 1987 411 2050 intumescens
437 1995 536 2050 aestus
562 1989 662 2069 rapuit
684 2008 719 2052 ex
746 1989 866 2065 insulis;
894 1989 1027 2052 certain

110 2097 198 2160 litora
234 2097 390 2180 expellitur
426 2099 466 2162 ita
501 2098 630 2162 volubile
666 2111 699 2163 ut
734 2101 865 2182 pendere
897 2100 1030 2163 uideatur
1048 2119 1073 2161 ao

111 2227 201 2289 aqua,
239 2227 301 2271 non
338 2209 434 2272 sidero
469 2211 501 2272 in
534 2193 618 2273 vado.
673 2212 787 2275 arboris
823 2231 928 2276 sucum
964 2231 1028 2276 esse
1045 2220 1079 2272 43

113 2319 200 2381 etiam
228 2319 319 2400 prisci
349 2322 444 2386 nostri
476 2322 643 2402 credidere,
676 2322 715 2386 ob
749 2324 777 2386 id
810 2325 947 2388 sucinum
976 2343 1029 2405 ap·

112 2431 266 2512 pellantcs.
307 2432 390 2516 pinei
418 2442 516 2497 autem
543 2435 663 2516 generis
690 2435 806 2498 arboris
833 2455 897 2498 esse
918 2435 1028 2498 indicio

184 2713 206 2763 8.
224 2710 421 2778 investurB1F,
439 2713 584 2769 inveniatur
595 2715 642 2768 13².
738 2719 761 2770 9.
780 2713 984 2784 quondamquam
995 2714 1028 2780 B,

110 2817 268 2872 -quamquam
279 2805 313 2858 F.
417 2811 457 2860 10.
475 2809 606 2862 contentio
618 2810 670 2862 Bar.

183 2899 223 2964 42,
241 2900 265 2951 2.
282 2899 397 2966 glessum
408 2900 465 2966 FL,
483 2902 597 2969 glossam
609 2921 634 2956 o.
720 2904 744 2956 3.
763 2901 898 2970 glosariam
910 2902 943 2966 F,
961 2901 1029 2968 gles-

120 2991 205 3044 sariam
217 2990 265 3045 La.
301 2991 583 3063 Glaesaria-glaesum
600 2997 725 3050 Solinus?
742 2999 784 3064 20,
802 2999 826 3051 8.
846 3000 885 3051 13.

121 3091 144 3141 b
161 3089 284 3139 austeram
300 3086 368 3140 riom
380 3088 416 3153 B,
439 3089 594 3143 austrasiam
607 3091 637 3143 L.
740 3093 765 3146 6.
783 3091 879 3159 gummi
889 3089 940 3156 132,
957 3103 1029 3156 gum-

122 3179 167 3232 mis
177 3180 206 3234 F.
277 3184 300 3234 8.
312 3185 428 3252 tempore
439 3183 488 3236 FL
500 3184 620 3236 Isidorus
631 3187 671 3252 16,
684 3187 708 3253 8,
722 3189 736 3239 l
749 3184 830 3251 (conf.
843 3185 927 3237 Solio.
940 3187 981 3250 20,
994 3187 1028 3251 9),

123 3274 222 3340 tempori
235 3292 261 3341 o,
278 3276 391 3344 pondere
402 3277 433 3329 B.
528 3279 551 3330 9.
570 3294 630 3332 vare
647 3280 824 3346 Detlessenuo,
842 3293 904 3331 vero
923 3278 953 3346 t,
971 3279 1028 3347 ipse

123 3367 154 3434 B,
169 3383 206 3420 om
222 3386 251 3422 ae.
326 3373 365 3425 11.
384 3386 458 3439 aqua,
477 3387 528 3425 non
546 3373 630 3427 sidere
641 3373 818 3440 Detlossenus,
836 3376 914 3442 atque
931 3389 978 3427 nos
997 3375 1031 3427 si·

124 3459 177 3514 dere
192 3461 224 3528 F,
242 3465 363 3533 atquae,
382 3481 423 3518 om
441 3466 492 3519 Be.
588 3471 629 3535 43,
650 3473 672 3522 1.
690 3469 716 3521 in
734 3466 808 3520 vado.
827 3465 935 3520 Roboris
952 3468 985 3536 B,
1002 3469 1029 3521 in

124 3553 183 3608 vado
200 3557 288 3612 arbore
300 3559 333 3624 F,
351 3559 377 3611 in
395 3559 485 3614 arbore
498 3576 522 3626 α,
541 3562 610 3629 quod
622 3563 654 3615 L.
707 3565 773 3625 esse]
792 3576 850 3614 esse
867 3562 985 3618 arbomm
998 3564 1028 3616 L.

169 3659 280 3703 (lemania
292 3661 389 3714 antiqva.
859 3648 875 3699 8
