2552 4172
548 260 586 302 DE
608 259 699 302 BELLO
721 257 857 303 scrrnlco

411 567 455 619 EX
474 565 641 620 rnnannnn
657 563 825 619 Pannonis
845 565 991 622 CLAVDIO.

208 717 226 772 1
307 681 416 769 bellum
441 706 597 769 Gothicum
620 724 672 768 sna
694 705 801 767 virtute
825 705 962 767 confecit.

206 825 226 881 θ
287 836 355 880 narn
377 827 412 880 ut
433 817 569 897 superius
590 815 732 890 diximus.
762 813 900 896 *triginta
922 815 964 876 illi
985 814 1092 892 Gothi,
1119 817 1174 896 qui

243 937 396 990 evaserant
424 947 459 989 eo
487 936 623 1008 tempore
652 945 711 1006 quo
741 926 806 988 illos
830 925 996 988 Marcianus
1022 935 1069 988 est
1097 945 1174 1006 per·

243 1048 378 1114 secutus,
408 1056 544 1118 quosque
565 1037 702 1100 Claudius
731 1037 824 1099 emitti
852 1056 914 1099 non
943 1037 1050 1098 siverat
1073 1055 1115 1098 nc
1141 1037 1173 1099 id

244 1150 327 1210 fieret
356 1148 434 1227 qnod
464 1149 601 1210 effectum
631 1156 690 1224 est,
719 1167 823 1210 omnes
852 1156 955 1229 gentes
982 1165 1110 1209 suorum
1134 1148 1172 1209 ad

213 1260 390 1321 aRomanas
417 1259 615 1319 incitaverunt
647 1259 781 1346 praedas.
830 1257 958 1337 denique
988 1256 1172 1337 Scytharum

242 1369 349 1432 diversi
385 1368 504 1451 populi,
541 1368 646 1444 Peuci,
685 1367 832 1448 Grutnngi
868 1368 1055 1448 Austorgoti‚
1092 1369 1171 1430 Ter·

241 1479 322 1560 vingi
343 1478 419 1554 Visi,
449 1477 593 1558 Gipedes‚
624 1479 721 1541 Celtae
751 1479 837 1541 etiam
868 1488 898 1540 et
925 1478 1008 1540 Eruli
1038 1479 1171 1559 praedae

242 1589 401 1670 cupiditate
429 1590 458 1650 in
487 1590 656 1651 Romanum
683 1589 780 1652 solum
809 1597 957 1652 venerunt
987 1597 1076 1669 atquc
1108 1589 1170 1651 iilic

242 1701 384 1780 pleraque
411 1708 578 1776 vastarunt,
611 1700 682 1761 dum
715 1700 778 1762 aliis
812 1708 975 1780 occupatus
1003 1709 1049 1762 est
1078 1699 1168 1763 Clau-

201 1822 225 1864 10
243 1810 309 1873 dius
330 1810 460 1892 dumque
483 1830 515 1872 se
537 1811 573 1872 ad
595 1811 624 1872 id
639 1810 750 1872 bellum
767 1810 845 1890 quod
861 1810 991 1872 confecit
1004 1809 1167 1890 imperato-

242 1921 285 1982 rie
305 1921 438 1998 instruit,
460 1930 494 1983 ut
515 1913 669 1983 videantur
690 1921 748 1982 fata
769 1920 902 1983 Romana
923 1920 996 1982 boni
1018 1920 1165 2002 principis

243 2033 439 2114 occupatione
472 2032 590 2093 lentata.
643 2031 695 2093 scd
729 2031 817 2092 credo
855 2038 888 2092 ut
921 2030 1033 2092 Claudii
1071 2029 1166 2111 gloria

242 2143 429 2204 adcresceret
464 2142 586 2222 eiusque
623 2143 707 2203 fieret
743 2141 900 2220 gloriosior
935 2150 998 2203 toto
1042 2141 1167 2222 penitus

245 2250 316 2312 orbe
348 2229 478 2313 victoria.
536 2261 713 2313 armatarum
757 2250 885 2333 denique
929 2251 1063 2332 gentium
1101 2260 1165 2313 tre·

212 2368 331 2424 icenta
352 2362 455 2442 viginti
482 2362 561 2424 milia
590 2372 663 2424 tunc
690 2363 784 2425 suere.
806 2397 850 2407 —
871 2369 948 2424 extat
967 2345 1069 2442 'ipsius
1099 2361 1163 2442 cpi·

242 2473 317 2536 stola
343 2472 432 2534 missa
459 2473 495 2534 ad
524 2480 674 2548 senatum,
702 2472 828 2554 legenda
856 2473 892 2534 ad
914 2471 1075 2554 populum,
1104 2489 1163 2552 qna
1267 2477 1268 2536 ἲ

242 2583 352 2645 indicat
379 2583 416 2644 dc
445 2602 570 2664 numero
598 2583 801 2645 barbarorum.
824 2617 866 2628 —
888 2584 942 2645 hos
964 2583 1053 2663 igitur
1076 2581 1161 2644 Clau·

242 2693 308 2755 dius
336 2693 468 2774 ingenita
496 2695 544 2757 illa
566 2693 674 2756 virtute
701 2693 867 2775 superavit,
899 2694 954 2754 hos
980 2690 1064 2753 brevi
1086 2700 1160 2754 tem·

212 2821 315 2883 apore
343 2805 473 2880 adtrivit,
503 2805 539 2866 de
568 2805 613 2868 his
635 2805 682 2865 vix
710 2803 823 2884 aliquos
851 2803 887 2865 ad
915 2803 1043 2884 patrium
1066 2803 1161 2864 solum
1267 2859 1268 2862 ,

242 2913 338 2976 redire
361 2914 504 2994 permisit.
526 2949 568 2960 -

310 3164 339 3236 6,
358 3170 381 3218 1.
399 3165 502 3233 triginta
522 3165 621 3218 dolavit
639 3165 769 3218 Gratiam
838 3163 923 3232 gotthi
939 3163 970 3218 B.
1067 3166 1093 3220 2.
1109 3177 1161 3216 ma·

241 3259 343 3313 crianne
355 3260 408 3326 BP,
426 3275 495 3312 corr·
507 3260 679 3313 casaubonus
696 3262 721 3310 et
739 3258 895 3312 Salmasius.
973 3259 997 3310 3.
1014 3255 1041 3310 iti
1058 3259 1160 3323 Patren

241 3352 303 3420 quid
431 3357 454 3407 5.
473 3351 635 3406 incitaverint
760 3354 783 3406 6.
802 3351 917 3418 trntnngi
967 3350 1160 3420 nirtinguiaigy·

240 3445 321 3512 pcdes
425 3447 448 3499 8.
467 3445 551 3499 solnm
573 3445 599 3496 in
624 3459 678 3498 rem
699 3443 828 3512 publicam
852 3443 949 3496 detavit
972 3446 1037 3496 haec
1058 3443 1162 3496 Salma-

240 3540 308 3589 sius.
404 3542 443 3592 14.
463 3543 617 3592 armatorum
634 3540 665 3591 B.
757 3537 784 3608 7,
802 3541 826 3591 5.
843 3537 953 3604 patriam
971 3538 1024 3604 BP,
1041 3553 1105 3589 corr
1121 3537 1162 3590 Ρ.
