2552 4172
354 273 392 315 nn
414 273 507 318 annno
528 273 762 318 utncouamuco.
961 261 1018 324 141

105 440 268 504 Parthicum
301 460 372 504 vero
404 441 515 504 bellum
547 450 653 505 senatu
685 443 893 508 consentiente
926 445 1021 509 Verus
1040 464 1064 506 to

104 551 192 614 irater
218 559 263 614 est
289 552 406 615 missus.
451 552 513 634 ipse
542 553 651 615 Romae
678 553 835 630 remansit,
864 555 944 635 quod
973 575 1021 620 res

104 661 231 726 urbanae
253 663 441 744 imperatoris
463 664 660 744 praesentiam
683 665 877 745 postularent

160 774 232 836 dum
254 775 424 837 Parthicum
453 773 564 837 bellum
593 775 721 854 geritur,
750 783 852 838 natum
875 785 922 840 est
941 777 1073 840 Mar-12

100 885 323 962 comannicum,
366 885 445 965 quod
482 885 532 948 diu
571 904 675 948 eorum
712 886 764 966 qui
800 887 922 948 aderant
958 897 1020 952 arte

97 1014 276 1078 suspensum
310 1004 368 1070 est,
402 1004 437 1057 ut
467 995 552 1057 finito
585 997 643 1058 iam
672 997 808 1059 orientali
835 996 913 1059 bello
943 999 1020 1062 llar-

98 1107 308 1170 comannicum
345 1106 392 1186 agi
429 1115 539 1186 posset.
595 1116 624 1168 et
660 1125 729 1170 oum
765 1108 851 1171 famis
886 1117 1021 1190 tempore

95 1217 208 1298 popvdo
237 1216 417 1279 insinuasset
445 1215 481 1277 dc
507 1216 602 1293 bello,
635 1218 726 1280 fratre
754 1226 824 1298 post
851 1201 1051 1300 quinquen-s

96 1328 180 1390 nium
217 1345 336 1390 reverso
374 1327 405 1388 in
442 1335 547 1390 senatu
584 1329 658 1408 egit,
699 1327 802 1392 ambos
838 1331 1020 1394 necessarios

95 1438 199 1501 dicens
228 1437 306 1499 bello
335 1437 512 1502 Germanico
540 1439 742 1520 imperatores.
793 1448 893 1504 tantus
921 1449 1019 1504 autem
1036 1445 1073 1501 13

95 1549 186 1611 timor
215 1547 285 1610 belli
307 1547 538 1611 Marcomannici
566 1550 623 1612 luit
643 1559 677 1612 ut
699 1549 831 1629 undique
853 1553 1021 1614 sacerdotes
1057 1611 1060 1616 .

94 1659 269 1722 Antoninus
291 1659 445 1736 acciverit,
468 1660 644 1741 peregrinos
665 1661 741 1723 ritus
762 1661 937 1740 impleverit,
960 1663 1020 1724 lto-

93 1788 174 1832 mam
208 1770 292 1832 omni
324 1787 434 1848 genere
467 1770 636 1833 lustraverit
664 1771 888 1850 retardatusque
916 1770 1021 1834 bellica

94 1881 284 1962 proiectione
317 1881 363 1942 sit.
419 1880 578 1942 celebravit
615 1889 644 1942 et
676 1881 810 1942 Romano
845 1881 903 1942 ritu
936 1881 1051 1942 lecti-s

94 1991 209 2055 sternia
242 2009 298 2071 per
329 2001 444 2071 septem
475 1991 547 2053 dies.
602 1997 683 2052 tanta
717 1997 816 2051 autem
853 1989 1020 2070 pestilentia

95 2103 154 2166 tuit
187 2110 221 2164 ut
252 2102 394 2164 vehiculis
427 2103 567 2164 cadavera
600 2100 660 2162 sint
693 2108 845 2180 exportata
880 2101 1020 2164 serracis-

95 2233 156 2293 que
186 2257 194 2274 .
225 2259 231 2274 .
261 2258 268 2272 .
302 2220 332 2274 et
358 2213 450 2275 multa
483 2211 602 2292 quidem
635 2211 714 2273 milia
746 2212 913 2292 pestilentia
947 2232 1021 2276 con·

96 2323 225 2403 sumpsit
251 2322 420 2403 multosque
450 2341 487 2384 ex
514 2321 690 2403 proceribus
718 2368 725 2384 .
749 2367 757 2383 .
782 2367 789 2384 .
817 2324 944 2404 proiecti
972 2325 1072 2386 ta-14

96 2452 168 2496 men
202 2441 273 2494 sunt
303 2433 435 2513 paludati
463 2431 549 2494 ambo
579 2434 790 2514 imperatores,
824 2441 853 2494 et
882 2434 1021 2509 Victualis

97 2552 128 2608 et
150 2543 368 2608 Marcomannis
391 2553 499 2606 cuncta
519 2543 723 2620 turbantibus,
750 2543 814 2604 aliis
837 2543 923 2605 etiarn
946 2561 1020 2622 gen·

96 2652 176 2722 tibus
206 2671 282 2733 quae
310 2653 412 2734 pulsae
441 2673 457 2714 a
489 2650 693 2734 superioribus
722 2650 855 2714 barbaris
875 2653 1021 2732 lugerant

99 2764 156 2826 nisi
189 2764 395 2844 reciperentur
427 2763 538 2826 bellum
571 2761 778 2825 inferentibus.
828 2780 885 2823 nec
913 2778 1050 2843 parums

97 2874 211 2956 profuit
239 2875 294 2936 ista
326 2874 472 2955 profectio
506 2893 574 2936 cum
603 2872 767 2956 Aquileiam
799 2890 893 2952 usque
922 2866 1029 2936 venis?

98 2992 175 3049 sent.
219 3003 288 3046 nam
316 2985 451 3065 plerique
480 3003 566 3065 reges
595 2993 625 3046 et
651 3003 720 3047 cum
750 2983 870 3066 populis
898 2983 959 3046 suis
988 3001 1020 3044 se

98 3097 286 3159 retraxerunt
308 3103 337 3156 et
358 3095 502 3158 tumultus
522 3102 658 3157 auctores
672 3095 899 3158 interemerunt.
940 3093 1019 3165 Qua-

97 3207 127 3270 di
160 3214 257 3268 autem
290 3205 397 3268 amisso
431 3224 501 3286 rege
534 3224 588 3268 suo
622 3224 683 3267 non
721 3205 819 3286 prius
840 3224 872 3268 se
910 3205 1019 3266 coniir·
1089 3221 1093 3228 ·

167 3382 209 3445 13,
227 3383 251 3434 2.
269 3381 318 3434 tuit
336 3380 379 3446 P‘,
397 3395 440 3432 om
456 3397 485 3432 aa.
590 3381 613 3433 3.
631 3381 781 3449 peregrinus
799 3381 830 3434 B.
939 3382 963 3432 5.
982 3381 1020 3432 sic

97 3469 128 3521 P.
198 3469 238 3532 14,
258 3470 280 3520 t.
298 3464 401 3518 tandem
415 3465 596 3518 casaubonus.
668 3468 692 3520 2.
712 3469 737 3519 et
749 3469 846 3531 priore
864 3465 922 3518 loeo
940 3468 1019 3520 omP.

168 3553 191 3604 9.
210 3551 285 3603 amici
361 3600 364 3606 Δ
