2560 4186
505 273 659 317 scomma.
912 311 916 318 .
1001 259 1039 320 17

114 446 234 525 eligunt
262 443 340 504 ieras
369 449 398 503 et
427 441 557 503 detracta
577 442 721 503 velamina
748 450 892 523 spargunt
918 443 1041 506 maculis

115 552 308 637 pellibusque
339 552 494 614 beluarum
525 571 598 631 quas
628 552 759 614 exterior
787 552 924 616 Oceanus
952 561 1040 633 atque

116 667 257 745 ignotum
286 681 366 725 mare
396 662 500 743 gignit.
546 680 600 724 nec
627 662 701 725 alius
722 663 840 726 feminis
861 681 949 744 quam
972 664 1041 727 viris
1060 684 1084 726 io

117 776 254 850 babitus,
286 773 342 835 nisi
373 773 452 853 quod
481 773 607 834 feminae
634 773 750 854 saepius
776 773 862 836 lincis
885 775 1041 839 amictibus

117 888 271 960 velantur,
306 901 416 962 cosque
448 900 581 963 purpura
610 884 723 944 variant
752 892 925 963 partemque
952 887 1040 949 vesti-

116 1007 166 1060 tus
200 994 363 1076 superioris
395 994 425 1055 in
463 993 593 1056 manicas
614 1013 690 1058 ,non
728 995 906 1070 extendunt,
945 997 1040 1058 nudae

116 1106 240 1169 brachia
278 1123 312 1166 ac
344 1105 485 1179 lacertos;
522 1104 572 1166 scd
608 1114 637 1165 et
670 1105 802 1184 proxima
836 1122 904 1186 pars
936 1117 1039 1185 pecto-

116 1218 161 1280 ris
188 1223 278 1297 patet.
1058 1240 1084 1281 is

185 1343 364 1408 quamquam
397 1343 497 1387 severa
531 1325 590 1386 illic
621 1325 820 1400 matrimonia,
860 1345 916 1388 uec
949 1326 1038 1389 ullam
1055 1329 1091 1385 18

116 1455 238 1500 morum
271 1443 384 1516 partem
417 1435 509 1516 magis
540 1434 712 1497 laudaveris.
761 1453 829 1498 nam
861 1455 956 1518 prope
985 1438 1040 1501 soli

8 1597 9 1600 .
117 1547 317 1610 barbarorum
351 1546 476 1626 singulis
511 1546 654 1609 uxoribus
690 1547 823 1608 contenti
860 1557 946 1622 sunt,
989 1567 1040 1611 ex·

116 1659 215 1738 ceptis
245 1657 402 1720 admodum
431 1656 546 1737 paucis,
576 1657 626 1736 qui
656 1675 716 1718 non
748 1656 884 1733 libidine,
918 1659 969 1720 sed
1000 1659 1039 1722 ob

119 1768 306 1831 nobilitatem
333 1766 468 1847 plurimis
496 1767 608 1847 nuptiis
629 1767 810 1829 ambiuntur.
854 1767 952 1830 dotem
976 1786 1070 1831 nono

117 1897 196 1940 uxor
229 1869 350 1952 marito,
383 1878 434 1940 sed
468 1878 551 1939 uxori
584 1878 705 1940 maritus
739 1878 835 1940 offert.
890 1879 1040 1942 intersunt

8 2021 9 2028 .
117 1997 260 2070 parentes
290 1997 318 2050 et
346 1988 508 2069 propinqui
535 2006 568 2050 ac
589 2005 714 2050 munera
740 1988 886 2068 probant,
914 2007 1040 2052 munera

119 2118 185 2161 non
215 2099 247 2159 ad
279 2098 397 2162 delicias
418 2098 578 2162 muliebres
602 2099 732 2179 quaesita
755 2116 811 2161 nec
834 2099 942 2182 quibus
964 2120 1039 2165 nova
1118 2100 1123 2115 ‘

119 2218 215 2289 nupta
246 2217 395 2285 comatur,
434 2209 485 2272 sed
519 2208 609 2272 boves
641 2217 670 2271 ct
698 2210 845 2273 frenatum
872 2230 982 2293 equum
1011 2223 1040 2275 et

116 2330 237 2384 scutum
275 2338 343 2382 cum
379 2320 489 2382 framea
525 2319 690 2401 gladioque.
744 2321 774 2384 in
809 2323 881 2384 haec
914 2342 1037 2386 munera
1056 2339 1080 2382 1o

117 2449 196 2492 uxor
222 2429 381 2510 accipitur,
409 2438 497 2509 atque
524 2430 648 2492 invicem
670 2431 733 2512 ipsa
755 2450 907 2495 armorum
928 2433 1037 2514 aliquid

116 2541 182 2602 viro
216 2540 310 2602 affert.
360 2540 417 2602 buc
446 2541 604 2602 maximum
632 2541 798 2618 vinculum,
827 2543 900 2605 haec
929 2562 1036 2606 arcana

115 2668 211 2727 sacra,
233 2651 289 2712 hos
311 2651 482 2731 coniugales
503 2651 575 2714 deos
597 2652 787 2715 arbitrantur.
825 2672 863 2715 nc
885 2672 917 2716 se
931 2654 1038 2716 mulier

115 2769 201 2822 extra
222 2761 364 2823 virtutum
393 2762 586 2843 cogitationes
614 2771 755 2842 extraque
783 2763 929 2825 bellorum
952 2784 1037 2828 casus

116 2880 216 2952 putet,
250 2872 322 2952 ipsis
353 2871 523 2954 incipientis
555 2873 736 2935 matrimonii
768 2874 907 2954 auspiciis
934 2876 1035 2938 admo·
1055 2891 1080 2934 is

188 3040 228 3091 12.
246 3038 412 3094 vellanturC.
612 3069 614 3075 s

185 3122 233 3192 1⁸,
252 3126 274 3176 1.
293 3123 378 3176 ullarri
392 3139 429 3190 pr
438 3125 462 3176 b.
573 3128 596 3177 4.
615 3125 649 3178 ob
667 3125 798 3180 libidinem
809 3127 835 3180 0.
940 3133 963 3182 5.
981 3144 1035 3181 am·

116 3207 223 3261 biontor
234 3207 260 3261 θ.
348 3212 371 3261 l.
390 3207 493 3275 etBCc,
510 3224 541 3261 ac
553 3210 568 3261 l
581 3211 756 3278 ctHauptius.
802 3226 832 3264 ac
850 3227 953 3266 munera
967 3213 1035 3268 dele·

115 3296 215 3343 uerunt
223 3291 413 3346 Locbmannuc
425 3299 452 3345 et
463 3294 607 3361 liudpaldus,
618 3310 723 3349 munera
736 3297 859 3350 Hauriat.
929 3299 953 3352 8.
972 3298 1035 3352 deli·

116 3376 220 3431 111100.
273 3382 297 3433 9.
316 3393 392 3448 equm
403 3380 430 3435 0.
484 3383 523 3434 10.
541 3380 684 3434 muuereG.
738 3382 777 3433 11.
795 3380 864 3446 ipdm
876 3381 902 3438 0.
938 3383 1035 3452 aliquid

115 3462 165 3530 Bb,
183 3462 247 3529 ida,
265 3461 314 3515 do.
427 3465 467 3518 12.
486 3464 535 3518 hoc
547 3465 594 3529 m,
613 3465 660 3535 hec
671 3465 712 3518 Co.
831 3469 872 3520 15.
889 3467 1035 3536 incipienti·

115 3547 166 3599 bus
176 3549 199 3599 b.
235 3547 389 3613 auspitiisO.

168 3646 285 3692 Germania
298 3650 395 3704 antiqva.
866 3639 881 3689 2
