2560 4186
488 248 643 294 canutum.
982 234 1020 296 27

119 417 206 480 amnis
233 417 347 492 colunt,
384 416 555 485 Chattorum
584 419 733 502 quondam
762 418 891 498 populus
919 426 949 480 ct
976 437 1024 480 sc·

120 527 220 590 ditione
247 527 405 590 domestica
432 531 463 592 in
495 550 545 594 eas
573 532 657 594 sedes
680 537 881 609 transgressus
902 528 934 589 in
958 528 1024 606 qui·

118 637 168 700 bus
192 657 257 719 pars
286 639 413 700 Romani
442 640 560 722 imperii
589 642 705 704 fierent.
747 649 848 702 manet
875 639 972 701 honos
995 645 1053 700 ets

114 749 243 828 antiquae
274 750 422 812 societatis
454 751 588 830 insigne:
622 769 691 812 narn
720 769 776 812 uec
804 749 922 812 tributis
950 767 1024 811 con·

111 868 279 928 temnuntur
306 879 364 922 uec
387 860 564 942 publicanus
586 861 696 938 atterit;
731 860 860 940 exempti
882 859 1024 922 oneribus

114 977 140 1031 et
165 970 367 1034 collationibus
395 980 425 1033 et
452 980 567 1034 tautum
596 972 627 1034 in
656 989 742 1034 usum
771 970 954 1052 proeliorum
975 990 1024 1034 se-

112 1080 193 1159 positi
214 1081 293 1143 velut
314 1081 370 1142 tela
393 1089 481 1162 atque
503 1100 584 1144 arma
607 1081 692 1144 bellis
714 1089 911 1144 reservantur.

170 1199 213 1252 cst
248 1190 280 1252 in
319 1190 422 1253 codem
459 1191 604 1273 obsequio
641 1201 672 1254 et
703 1191 907 1253 Mattiacorum
940 1207 1022 1269 gens.
1042 1211 1066 1252 10

111 1301 226 1379 protulit
254 1301 334 1362 enirn
365 1302 537 1382 magnitudo
566 1302 669 1382 populi
690 1301 814 1364 Romani
846 1299 921 1363 ultra
943 1299 1023 1361 llbe-

111 1429 175 1472 num
205 1412 343 1491 ultraque
365 1420 479 1474 ueteres
507 1413 650 1475 terminos
681 1411 797 1494 imperii
819 1411 1022 1474 reverentiam.

108 1519 144 1582 ita
174 1521 243 1584 sctle
276 1520 447 1602 finibusque
480 1523 510 1584 in
545 1540 598 1584 sua
624 1523 703 1604 ripa,
736 1531 837 1584 mente
864 1522 1023 1602 animoque

110 1631 258 1694 nobiscum
292 1641 400 1711 agunt,
432 1641 530 1694 cetera
560 1633 669 1696 similes
697 1633 825 1708 Batavis,
859 1633 916 1695 nisi
943 1634 1023 1712 quod

108 1740 168 1820 ipso
200 1743 297 1804 adhuc
330 1751 425 1805 terrae
459 1761 529 1805 suae
562 1743 624 1806 solo
660 1753 689 1806 et
721 1743 801 1806 caelo
835 1743 932 1805 acrius
959 1743 1022 1804 ani·
1041 1764 1065 1804 n

107 1862 230 1915 mautur.

173 1982 236 2024 non
283 1963 499 2025 numeraverim
549 1963 628 2026 inter
671 1962 845 2024 Germaniae
888 1962 1024 2043 populos,

108 2091 284 2152 quamquam
319 2082 403 2136 trans
439 2074 576 2136 Rhenum
613 2073 838 2152 Danuviumque
880 2073 1022 2135 consede-

108 2184 179 2260 rint,
209 2203 261 2246 cos
292 2183 343 2262 qui
372 2184 539 2246 decumates
560 2202 647 2264 agros
669 2192 817 2246 exercent.
860 2183 1023 2247 levissimus

109 2295 229 2375 quisque
262 2293 413 2356 Gallorum
446 2303 476 2356 et
508 2294 607 2376 inopia
641 2295 734 2356 audax
768 2294 873 2358 dubiae
906 2313 1024 2374 posses·
1042 2309 1067 2352 ao

108 2405 194 2470 sionis
216 2404 313 2468 solum
339 2423 536 2485 occupavere;
566 2423 635 2466 mox
663 2405 754 2468 limite
777 2414 843 2468 acto
866 2406 1024 2487 promotis·

108 2533 161 2595 quc
190 2515 345 2597 praesidiis
373 2516 456 2578 sinus
483 2515 600 2595 imperii
628 2524 658 2576 et
684 2534 752 2596 pars
779 2516 949 2597 provinciae
971 2516 1023 2577 ha·

109 2625 222 2689 boutur.

166 2737 243 2800 ultra
272 2737 327 2798 hos
349 2735 445 2798 Chatti
471 2736 587 2798 initium
614 2735 692 2798 sedis
713 2735 750 2797 ab
772 2735 922 2816 Hercynio
946 2734 1022 2798 saltu
1035 2737 1074 2794 11

171 2943 195 2992 3.
215 2940 358 2992 chattorum
374 2938 422 3005 Ca,
446 2903 583 3003 cfattomm
599 2938 632 3003 B,
657 2941 781 2990 cattorum
797 2939 819 2989 1.
864 2936 967 3006 populis
982 2935 1024 2989 Oc.

172 3027 196 3078 5.
214 3023 306 3092 inperii
321 3023 348 3076 C.
448 3027 471 3076 1.
491 3021 567 3074 eterit
580 3021 605 3074 0.
652 3021 829 3074 honeribusO.
928 3024 952 3076 8.
973 3020 1025 3073 col·

110 3106 277 3162 locationibus
289 3108 313 3159 B
326 3113 351 3159 et
362 3124 445 3175 mpra
458 3107 640 3162 collationibus
650 3105 684 3159 οἳ.
719 3108 806 3173 seposi
816 3107 842 3160 G.
913 3109 954 3160 10.
971 3120 1023 3157 ma·

112 3191 227 3245 liacorum
243 3192 269 3245 0.
392 3196 434 3247 11.
451 3209 494 3262 po·
508 3191 564 3244 not
575 3193 597 3244 1.
723 3194 763 3245 14.
781 3191 882 3243 batauis
895 3193 918 3243 1.
954 3207 979 3258 q;
998 3190 1024 3242 lu

112 3275 189 3344 ipoc.
304 3281 344 3332 11.
363 3275 621 3330 numeraverimus&
736 3279 775 3329 18.
794 3274 1024 3344 danuuinmque0‚

112 3361 296 3430 danubrnmque
306 3363 367 3415 Bbc
472 3367 512 3417 19.
531 3361 700 3414 Decumathes
710 3361 755 3414 Bc

173 3445 266 3518 8⁰,L
285 3446 352 3498 ultra
366 3445 429 3516 Call,
447 3446 517 3499 ulera
534 3448 582 3499 Bb.
634 3445 713 3498 chatti
729 3446 780 3510 Bc,
799 3447 861 3499 catti
878 3447 922 3500 lC.
975 3447 1026 3499 hir·

118 3532 221 3600 eyniob,
240 3531 355 3586 hercinio
369 3531 411 3598 Co,
428 3530 548 3600 Hucynro
561 3532 592 3586 B
