2552 4172
339 267 358 310 n
379 265 517 310 ιοιιιοιιιι
538 265 634 310 umen
654 265 740 310 ιιιιιιο
764 266 805 314 ιιι.
989 250 1028 316 83

116 453 184 498 rum
217 435 377 516 accipitur,
420 452 567 514 nusquam
603 434 661 496 late
696 443 778 516 patet
813 455 869 498 nee
905 454 1030 518 usquam

117 547 189 608 mari
216 546 325 622 simile,
357 564 460 608 rernm
488 545 572 625 aquis
597 545 706 626 passim
732 546 973 611 interfluentibus
993 566 1057 612 aas

118 677 200 740 saepe
230 657 423 738 transgressis
451 675 557 738 vagum
584 665 673 737 atque
701 657 840 720 diffusum
866 657 941 722 faeie
967 673 1029 720 am·

116 769 196 832 nium
216 768 380 850 spargitur:
414 787 472 848 qua
493 768 579 830 litora
601 768 737 848 adtingit,
760 769 833 850 ripis
855 778 1029 832 cantantum

115 880 277 944 insularum
305 899 368 942 nen
397 880 486 958 lenge
513 878 706 954 distantibus,
739 888 769 942 et
796 880 907 960 ubique
934 899 1029 961 paene

113 991 313 1067 tantumdem,
345 990 369 1052 it
400 1001 559 1069 angustum
593 999 624 1052 et
654 1008 710 1070 par
740 992 816 1053 lreto
844 1008 1028 1072 eurvansque

111 1121 143 1165 se
171 1101 301 1166 subinde
332 1102 424 1181 lenge
456 1101 614 1181 supercilio
645 1101 786 1164 inllexum
822 1109 876 1164 est.
928 1102 959 1166 in
992 1121 1028 1164 ee
1045 1114 1072 1157 ιι

110 1225 180 1276 sunt
217 1211 329 1276 Cimbri
364 1221 396 1276 et
427 1211 572 1288 Teutoni,
611 1211 687 1276 ultra
722 1212 816 1275 ultimi
855 1213 1028 1276 Germaniae

109 1325 320 1388 Herminones

174 1435 319 1498 Sarmatia
339 1434 422 1498 intus
443 1412 531 1515 uuam
553 1433 588 1496 ed
609 1452 691 1496 mare
712 1433 808 1508 latior,
830 1434 866 1498 ab
888 1436 934 1498 his
951 1455 1027 1518 quae
1044 1442 1073 1500 ι.
1086 1455 1112 1498 aa

108 1555 255 1610 seruntur
290 1545 402 1608 Vistula
437 1564 524 1608 amne
565 1544 705 1620 discreta,
750 1565 807 1626 qua
849 1555 931 1610 retro
968 1547 1028 1612 abit

108 1677 207 1738 nsque
240 1657 276 1720 ad
305 1657 439 1720 Histrum
464 1657 576 1720 flumen
607 1656 775 1722 inmittitur.
824 1676 898 1738 gens
913 1659 1027 1722 'habitu

108 1769 261 1848 armisque
289 1767 441 1831 Parthicae
472 1767 622 1848 proxime,
650 1787 754 1832 vetum
779 1777 812 1832 ut
841 1769 913 1832 eaeli
941 1789 1026 1851 aspe-

109 1880 199 1943 rioris
220 1880 259 1942 ita
281 1879 403 1960 ingenii.
447 1897 509 1940 nun
531 1899 564 1941 se
584 1879 708 1942 urbibus
731 1887 836 1944 teuent
856 1889 886 1942 et
908 1899 946 1942 ne
968 1889 1026 1942 sta-
1043 1900 1069 1942 st

108 1991 147 2054 tis
180 1990 300 2071 quidem
333 1988 462 2052 sedibus.
511 1998 545 2050 ut
571 1990 729 2054 invitavere
761 1989 883 2071 pabula,
916 1999 950 2053 ut
977 2011 1026 2054 ee·

108 2103 197 2178 dens,
227 2109 262 2162 ut
287 2119 416 2181 sequens
442 2100 535 2163 bostis
555 2101 666 2181 exegit,
695 2101 735 2164 ita
756 2119 805 2166 res
827 2121 957 2184 opesque
978 2123 1026 2168 se·

109 2233 178 2276 eum
221 2212 343 2274 trahens
385 2229 503 2293 semper
545 2221 641 2274 castra
681 2212 830 2289 habitant,
873 2214 1024 2292 bellatrix,

108 2324 218 2400 libera,
252 2322 395 2386 indomita
424 2331 453 2384 et
479 2339 574 2403 usque
605 2341 640 2386 ee
669 2323 796 2388 inmanis
823 2334 912 2406 atque
939 2337 1053 2393 atroxs

109 2445 143 2498 ut
168 2435 296 2497 laminae
323 2434 411 2498 etiam
439 2433 517 2496 bella
544 2452 613 2497 eum
635 2434 703 2498 viris
729 2435 845 2511 ineant3
878 2447 966 2518 atque
992 2450 1026 2502 ut

108 2546 222 2610 habiles
252 2545 327 2621 sint,
361 2545 439 2608 natis
470 2545 568 2608 statim
594 2546 696 2608 denua
723 2547 856 2610 aduritur
882 2567 1023 2612 mamma:

107 2659 178 2722 inde
211 2655 346 2737 expedita
378 2655 409 2721 in
443 2657 520 2720 ietus
552 2675 642 2718 manu
674 2675 751 2738 quae
785 2658 915 2722 exeritur
941 2659 1024 2722 virile

108 2772 141 2832 tit
168 2777 282 2850 peetus.
325 2785 412 2831 arcus
439 2767 579 2843 tendere,
607 2766 752 2848 equitare,
781 2769 882 2832 venari
911 2771 1024 2852 puella·
1041 2797 1067 2838 as

177 2967 201 3016 l.
220 2967 357 3016 contentus
374 2963 433 3028 Aa,
458 2978 521 3014 ema
540 2964 655 3016 Verrius.
789 2967 813 3017 9.
831 2921 973 3033 curiasque
991 2966 1024 3033 A,

109 3063 252 3116 curansque
274 3049 332 3101 ulii.
437 3049 482 3112 32,
501 3048 524 3099 2.
546 3047 621 3098 imbri
637 3048 691 3102 Ae.
761 3049 860 3102 lauteni
877 3049 936 3116 Aa,
960 3066 1024 3102 aera·

108 3150 163 3186 nun
180 3133 258 3187 nulli.
356 3135 380 3186 3.
398 3131 544 3186 hermiones
558 3134 611 3186 Aa.

178 3221 225 3283 33,
251 3220 274 3272 2.
298 3219 362 3272 abiit
378 3219 432 3270 Aa.
536 3221 560 3271 3.
577 3218 682 3272 inmittit
698 3220 753 3273 Aa.
821 3221 878 3276 lans
902 3225 1024 3276 sarmata·

108 3319 163 3357 rum
181 3305 323 3370 mergant.
427 3306 473 3370 34,
499 3306 523 3356 4.
542 3304 658 3356 habitant
675 3305 728 3356 Aa.
833 3310 857 3360 ’1.
881 3309 904 3360 8.
922 3322 1022 3360 amazo-

109 3390 184 3442 nibus
201 3389 240 3441 uri
257 3389 388 3442 dexteram
405 3403 540 3441 mammam
557 3404 653 3454 marga
668 3390 701 3445 A.
820 3394 843 3445 8.
862 3406 952 3445 manus
967 3395 1022 3448 Aa.

109 3491 175 3526 cerr,
188 3474 335 3529 Vedianas.
455 3476 503 3540 35,
524 3478 545 3527 1.
563 3474 686 3542 puellaria
704 3491 783 3544 pensa
801 3476 870 3545 apud
887 3493 1023 3533 amazones

107 3575 200 3626 margo
214 3558 249 3614 A.

835 3615 886 3700 et'
