2552 4172
262 213 323 276 104
447 229 465 270 n
486 227 574 270 rnruu
595 227 689 271 ernnrs
709 227 765 270 xvr.
788 226 984 268 nvn-xxxiv.

260 396 402 458 roborum
429 395 546 458 vastitas
573 396 682 459 intacta
712 395 789 456 aevis
817 402 847 456 ct
875 395 1033 476 congenita
1063 397 1176 459 mundo

259 526 353 590 prope
389 507 538 570 inmortali
574 514 654 570 sorte
690 505 831 568 miracula
869 507 991 569 excedit.
1050 516 1086 570 nt
1120 509 1176 570 alia

259 618 432 682 omittantur
464 621 521 682 fide
553 619 696 693 caritura,
730 625 847 680 constat
879 618 971 681 attolli
1004 619 1096 682 colles
1124 639 1175 682 oc·

228 731 440 794 ccursantium
471 731 548 792 inter
580 748 612 792 se
643 728 776 792 radicum
813 747 991 809 repercussu
1024 738 1091 806 aut,
1123 730 1175 792 ubi

256 849 358 904 secuta
380 842 465 904 tellus
488 861 548 904 non
571 841 617 918 sit,
640 858 727 902 arcus
747 839 783 902 ad
805 857 903 902 ramos
925 858 1020 920 usque
1043 848 1073 903 et
1095 842 1176 922 ipsos

256 953 336 1016 inter
362 972 394 1016 se
420 954 550 1017 rixantes
578 952 692 1014 curvari
713 958 866 1031 portarum
887 951 1053 1031 patentium
1073 953 1175 1028 modo,

256 1072 289 1127 ut
324 1072 437 1126 turmas
472 1065 604 1145 equitum
639 1063 817 1138 tramittant,
854 1062 1010 1143 glandiferi
1045 1065 1174 1127 maxime

256 1175 376 1256 generis
404 1193 521 1252 omnes,
556 1175 663 1255 quibus
691 1175 787 1237 honos
814 1175 893 1255 apud
921 1175 1074 1238 Romanos
1103 1194 1172 1257 per·

214 1309 239 1351 ro
255 1295 372 1368 petuus.

188 1415 237 1467 203
256 1399 320 1477 (76)
343 1443 350 1459 .
370 1441 382 1458 .
405 1443 413 1458 .
436 1396 573 1459 Germani
600 1397 766 1477 praedones
793 1395 917 1476 singulis
943 1396 1101 1460 arboribus
1123 1417 1170 1459 ca-

253 1509 326 1571 vatis
357 1508 511 1590 navigant,
543 1527 668 1588 quarum
702 1507 844 1588 quaedam
877 1515 908 1569 et
934 1521 1004 1574 xxx
1034 1508 1169 1572 homines

252 1622 363 1683 lerunt.

168 1889 234 1944 ml
526 1812 547 1864 E
564 1810 666 1865 meurs
683 1809 895 1864 xxx-xxxlv.

202 1963 234 2014 26
252 1939 296 2016 (3)
318 1982 325 1998 .
349 1982 356 1997 .
381 1981 389 1998 .
419 1954 475 1997 neo
504 1934 653 1998 luxuriosa
682 1934 791 2016 pabula
818 1935 938 2016 pinguis
967 1935 1022 1997 soli
1051 1955 1166 2017 semper

250 2047 391 2110 indicium
424 2045 543 2108 habent.
599 2064 667 2107 nam
699 2046 769 2127 quid
809 2046 954 2108 laudatius
991 2045 1164 2109 Germaniae

249 2154 387 2238 pabulis?
420 2164 450 2217 et
482 2156 579 2218 statim
610 2156 712 2219 subest
743 2157 853 2219 harena
891 2157 1065 2219 tenuissimo
1102 2177 1163 2220 oae-

156 2332 234 2387 xvm
250 2267 360 2348 spitum
380 2267 472 2328 eorio.

185 2405 233 2457 149
251 2377 317 2457 (44)
348 2377 476 2458 primum
511 2377 643 2439 omnium
677 2379 817 2441 frumenti
849 2379 951 2440 vitium
985 2399 1077 2442 avena
1114 2390 1163 2456 est,

249 2498 279 2550 et
305 2489 451 2551 hordeum
473 2489 509 2549 -in
540 2507 604 2550 eam
631 2489 792 2568 degenerat
819 2490 862 2552 sie
884 2498 918 2550 ut
938 2490 1002 2571 ipsa
1024 2493 1163 2553 frumenti

248 2599 288 2662 sit
307 2599 410 2677 instar,
433 2599 543 2680 quippe
565 2618 633 2661 cum
656 2599 828 2662 Germaniae
854 2600 956 2682 populi
978 2612 1080 2665 serant
1102 2622 1159 2664 caru

146 2775 233 2830 mm
253 2729 350 2791 neque
372 2710 426 2772 alia
447 2710 530 2791 pulte
552 2710 658 2771 vivant.

216 2822 294 2900 g(2)
317 2820 440 2882 Cadurci
461 2820 551 2882 Galeti
573 2819 682 2882 Ruteni
709 2821 857 2901 Bituriges
884 2821 1039 2902 ultimique
1067 2821 1158 2884 homi·

248 2951 320 2994 num
344 2931 499 2994 existimati
519 2931 643 3007 Morini,
673 2932 763 2994 immo
785 2951 854 2995 vero
878 2931 987 2995 Galliae
1009 2934 1158 2996 universae

246 3044 308 3106 vela
346 3050 463 3119 texunt,
499 3042 558 3104 iam
595 3042 714 3122 quidem
747 3051 776 3104 ct
808 3044 1017 3106 transrhenani
1054 3046 1157 3115 hostes,

248 3173 304 3216 nec
336 3154 537 3235 pulchriorem
565 3153 651 3216 aliam
677 3161 789 3216 vestem
821 3174 925 3217 eorum
950 3157 1079 3218 feminae
1107 3177 1156 3218 no·

213 3274 323 3327 overe.
347 3311 354 3326 .
379 3310 386 3327 .
409 3311 418 3326 .
445 3266 476 3327 in
506 3264 661 3326 Germania
693 3272 790 3326 autem
822 3267 955 3329 defossae
990 3275 1080 3348 atque
1106 3268 1155 3332 sub

318 3435 375 3500 149,
394 3437 417 3487 3.
435 3438 539 3487 serrant
552 3432 597 3500 121,
606 3432 639 3486 F.
760 3437 790 3499 9,
810 3437 833 3487 1.
851 3433 946 3487 defossi
961 3435 999 3502 E,
1022 3434 1155 3501 delossaQ

246 3520 342 3584 (Poris.
363 3521 443 3575 10318
460 3535 528 3572 saec.
540 3533 576 3572 vn
589 3520 633 3571 uel
646 3521 700 3584 rur)
713 3519 796 3573 DFG.
