2560 4186
248 223 291 283 54
501 239 695 284 κετιιιιοινιε
716 238 800 282 Lumo
822 239 852 282 n.
876 241 913 282 ιν.

146 418 172 470 P·
184 407 231 459 128
310 401 401 466 Μετὰ
424 396 458 467 δὲ
478 401 536 493 τὴν
555 401 690 467 Ἰταλίαν
712 405 764 468 καὶ
785 403 842 494 τὴν
856 403 1009 494 Κελτικὴν
1031 402 1075 468 τά
1097 403 1170 495 πρὸς

154 473 226 542 5’30
248 513 288 579 ἕω
314 511 407 578 λοιπά
434 518 501 579 ἐστι
528 521 583 604 τῆς
609 511 768 605 Εὐρώπης,
799 515 820 579 οἳ
848 508 919 604 δίχα
947 516 1093 603 τέμνεται
1121 523 1168 598 τῷ

244 621 350 714 Ἴστρῳ
379 633 517 714 ποταμῷ.
562 625 683 716 φέρεται
705 619 736 688 δ’
767 615 855 701 οότος
882 624 942 691 ἀπό
965 633 1020 716 τῆς
1041 627 1169 716 ἑσπέρας

246 737 296 802 ἐπὶ
316 734 374 826 τὴν
395 735 436 800 ἕω
458 739 510 801 καὶ
531 736 586 801 τὸν
600 730 741 813 Εὔξεινον
762 734 883 819 πόντον,
906 740 937 801 ἐν
959 735 1102 828 ἀριστερᾷ
1119 743 1168 801 λι-

218 845 311 912 5πών
344 844 400 936 τόν
433 872 469 913 τε
503 847 670 937 Γερμανίαν
707 844 779 937 ὅλην
814 842 979 938 ἀρξαμένην
1012 846 1075 912 ἀπό
1107 857 1167 914 τοῦ

242 955 354 1046 Ῥήνου
377 960 429 1022 καὶ
449 955 488 1023 τὸ
502 957 630 1024 Γετικόν
646 965 706 1023 πᾶν
721 959 773 1022 καὶ
787 957 825 1023 τὸ
839 965 902 1023 τῶν
917 956 1097 1047 Τυρεγετῶν
1112 962 1167 1024 καὶ

244 1067 429 1159 Βασταρνῶν
450 1069 503 1134 καὶ
518 1069 725 1160 Σαυροματῶν
747 1069 834 1158 μέχρι
848 1061 998 1144 Τανάιδος
1018 1078 1166 1158 ποταμοῦ

244 1181 295 1243 καὶ
317 1187 371 1269 τῆς
392 1173 566 1255 Μαιώτιδος
587 1180 699 1270 λίμνης,
722 1182 754 1244 ἐν
779 1172 863 1265 δεξιᾷ
885 1173 919 1244 δὲ
939 1177 996 1269 τόν
1017 1202 1054 1243 τε
1076 1179 1165 1270 Θρᾴ-

243 1313 298 1379 κην
321 1287 441 1355 άπασαν
463 1294 515 1355 καὶ
536 1289 593 1381 τὴν
613 1284 763 1382 Ἰλλυρίδα
785 1296 853 1355 κτλ.

601 1496 622 1548 Ε
639 1495 734 1548 LIBRO
752 1493 794 1548 lV.

141 1602 224 1666 P·192
503 1630 510 1653 ι
563 1633 571 1656 ι
635 1623 648 1651 τ
722 1639 737 1653 κ
938 1632 946 1656 ι
1006 1627 1046 1653 ..u

151 1668 215 1738 3‚2
306 1681 313 1694 .
337 1682 344 1695 .
369 1682 375 1695 .
399 1626 515 1720 μεταξυ
537 1657 591 1721 μεν
613 1656 664 1696 ουν
681 1656 738 1697 του
752 1631 885 1721 Λίγηρος
898 1656 950 1696 και
965 1656 1022 1697 του
1046 1630 1162 1723 Αραρος

242 1747 318 1806 οἰκεῖ
336 1741 374 1807 τὸ
396 1751 459 1807 τῶν
480 1736 615 1808 Αἰδοόων
638 1748 738 1824 όθνος,
766 1740 854 1808 πόλιν
876 1747 945 1830 ἔχον
965 1743 1160 1827 Καβυλλῒνον

240 1855 289 1918 ἐπὶ
310 1861 356 1937 τῷ
374 1850 479 1944 Ἀραρι
501 1856 553 1919 καὶ
574 1852 709 1945 φροόριον
731 1853 901 1944 Βίβρακτα,
930 1859 958 1918 οἱ
979 1846 1013 1917 δὲ
1034 1847 1160 1920 Αίδουοι

239 1967 292 2028 καὶ
313 1977 463 2055 συγγενεῖς
483 1964 647 2054 Ῥωμαίων
669 1957 862 2054 ὠνομάζοντο
884 1965 937 2027 καὶ
957 1971 1072 2054 προῦτοι
1093 1973 1158 2029 τῶν

211 2073 342 2169 οταότγγ
374 2083 545 2167 προσῆλθον
577 2075 648 2167 πρὸς
679 2073 736 2166 τὴν
764 2076 865 2164 φιλίαν
893 2076 946 2138 καὶ
973 2077 1156 2164 συμμαχίαν.

237 2186 328 2274 πέραν
351 2179 385 2250 δὲ
405 2195 463 2252 τοῦ
481 2184 606 2278 Ἄραρος
629 2194 757 2254 οἰκοῦσιν
780 2192 807 2251 οἱ
829 2186 993 2266 Σηκοανοί,
1019 2179 1158 2274 διάφοροι

237 2297 289 2359 καὶ
311 2307 374 2371 τοῖς
394 2296 557 2384 Ῥωμαίοις
578 2300 614 2361 ἐκ
634 2303 750 2362 πολλοῦ
772 2294 932 2386 γεγονότες
953 2298 1005 2361 καί
1022 2308 1087 2372 τοῖς
1100 2295 1155 2361 Αἱ-

237 2399 350 2488 δοόοις,
384 2403 433 2472 ότι
465 2406 535 2498 πρὸς
566 2407 734 2497 Γερμανοὺς
770 2405 975 2498 προσεχώρουν
1007 2405 1156 2485 πολλάκις

237 2516 321 2582 κατά
342 2517 398 2594 τάς
419 2513 544 2608 ἐφόδους
565 2518 668 2584 αὐτῶν
690 2516 746 2595 τάς
767 2521 817 2584 ἐπὶ
844 2516 900 2608 τὴν
920 2517 1071 2599 Ἰταλίαν,
1101 2521 1155 2583 καὶ

195 2647 220 2688 ιο
236 2622 444 2694 ἐπεδείκνυντό
466 2655 502 2720 γε
525 2630 560 2696 οὐ
582 2629 638 2720 τίγν
660 2637 812 2718 τυχοῦσαν
824 2622 973 2718 δύναμιν,
996 2625 1077 2693 ἀλλά
1100 2633 1154 2694 καὶ

236 2749 445 2818 κοινωνοῦντες
468 2740 570 2816 αὐτοῖς
588 2741 706 2806 ἐποίουν
722 2738 872 2831 μεγάλους
887 2741 939 2804 καὶ
953 2737 1154 2828 ἀφιστάμενοι

234 2841 368 2942 μικροός·
396 2851 466 2942 πρὸς
495 2845 528 2917 δὲ
555 2851 626 2929 τοὺς
647 2845 790 2928 Αίδοόους
815 2853 867 2916 καὶ
889 2844 940 2914 διά
961 2858 1065 2915 ταῦτα
1086 2852 1152 2939 μέν,

302 3067 332 3136 5,
349 3069 390 3132 30,
409 3069 424 3120 6
442 3068 592 3138 τυρεςγετιῦν
610 3066 631 3119 C
646 3071 673 3118 et
685 3066 759 3134 prB
775 3070 795 3122 ι’.
808 3085 830 3122 ιι.
842 3068 927 3120 codex
938 3066 1070 3118 Μσάίσοκε
1078 3066 1151 3132 plut.

233 3174 311 3211 xxvm
330 3165 345 3214 5
362 3177 430 3214 saec.
448 3176 490 3214 xv.
985 3181 987 3186 ·

300 3251 330 3323 3,
348 3256 371 3320 2,
392 3258 413 3309 1.
431 3249 534 3324 Δοόβιος
554 3255 627 3318 libri,
643 3253 746 3324 Λίγηρος
762 3270 825 3306 σοιν·
842 3255 963 3310 editores.
1012 3255 1036 3307 2.
1054 3247 1149 3306 ἒδοόων

233 3347 297 3398 ABl
313 3348 439 3412 (Venetus
457 3351 505 3402 377
523 3365 592 3401 ιαεο.
609 3349 668 3414 xv),
694 3341 788 3403 ἐλοόων
806 3348 833 3402 0.
924 3349 948 3401 3.
966 3346 1101 3416 βίβραγκια
1120 3347 1148 3400 0.

283 3439 364 3493 ἐδοῦοι
466 3447 490 3496 ἵ.
509 3435 607 3502 ἐδοόοις.
712 3443 752 3496 12.
769 3436 868 3503 ἐδοόους
884 3443 954 3494 libri.
1042 3443 1072 3494 10
1089 3457 1147 3508 sqq.

232 3537 305 3601 apud
324 3536 462 3587 Caesarem
479 3535 586 3598 frustra
604 3551 729 3616 φασινοε.Ι
