2552 4172
329 299 348 342 rr
370 297 496 342 navararr
518 296 687 343 snnarnernr
708 298 794 342 trono
816 299 844 342 x.
987 283 1047 348 too

319 483 322 488 ’
351 499 568 563 nnrvnrorr
592 500 818 564 srnrnnorcr

517 616 611 670 rinno
629 617 662 670 x,

189 733 274 810 Πῶς
307 727 365 798 δεῖ
396 729 641 823 ἁρμόζεσθαι
675 746 753 811 τοῖς
789 729 946 813 ξανθοῖς
982 740 1088 828 ἔθ-4Ι

125 869 246 926 νεσιν,
285 841 364 910 οἷον
397 842 613 934 Φροίγγοις,
650 837 952 934 Λαγγοβοίρδοις
984 847 1048 910 καὶ

124 960 278 1030 λοιποῖς
301 947 548 1043 όμοδιαίτοις
570 953 706 1019 αὐτῶν.

192 1063 241 1129 Τὰ
274 1059 374 1143 ξανθοί
408 1071 498 1155 ἔθνη,
532 1063 642 1154 λόγους
675 1066 846 1154 ἐλευθερίας
873 1064 1047 1154 ποιούμενα,

126 1177 243 1264 θρασέα
264 1177 320 1239 εἰσὶ
342 1176 394 1240 καὶ
416 1173 646 1265 ἀκατάπληκτα
668 1177 699 1238 ἐν
714 1187 777 1252 τοῖς
791 1177 941 1264 πολέμοις.
975 1183 1079 1241 τολ·ο

125 1282 207 1375 μηρσί
228 1309 265 1350 τε
287 1287 339 1350 καὶ
360 1293 496 1375 προπετῆ
519 1283 602 1367 ὄντα,
625 1283 682 1376 την
705 1279 818 1351 δειλίαν
841 1287 893 1351 καὶ
906 1285 964 1377 την
979 1285 1050 1376 πρὸς

126 1394 231 1485 μικρὸν
261 1393 448 1485 ἀναχώρησιν
476 1402 516 1472 εἰς
545 1389 655 1472 όνειδος
678 1401 805 1484 ἔχοντα,
835 1395 967 1474 εὐκόλως
988 1404 1049 1462 θα-

126 1505 223 1571 νοίτου
252 1513 474 1595 περιρρονοῢσι,
503 1504 560 1596 την
582 1505 667 1570 κατὰ
688 1519 772 1597 χεῖρα
794 1506 895 1596 μοίχην
917 1501 1050 1597 σφοδρῶς

125 1617 177 1681 ἐπί
198 1640 234 1680 τε
256 1619 354 1682 ἵππων
377 1619 429 1680 καί
451 1610 525 1711 πεζῇ
548 1615 721 1706 μαχόμενα·
745 1620 776 1681 ἐν
799 1614 840 1694 οἷς
855 1616 1048 1706 στενούμενα,

126 1725 167 1802 ὡς
196 1724 288 1806 εἰκός,
319 1729 350 1791 ἐν
379 1738 446 1804 ταῖς
475 1730 712 1815 καβαλλαρικαῖς
734 1726 845 1816 μοίχαις
870 1729 914 1791 ἑνὶ
936 1727 1049 1818 συνθή-
1068 1751 1092 1794 10

126 1862 207 1926 ματι
226 1844 289 1900 τῶν
310 1839 409 1902 ἵππων
431 1836 638 1922 ἀποβαίνοντα
660 1831 734 1930 πεζῇ
752 1833 928 1918 τάσσονται,
952 1835 1050 1926 ὀλίγοι

127 2041 219 2110 gennit
236 2043 289 2107 (om
302 2040 334 2108 0)
353 2041 482 2096 Romanos
494 2041 625 2095 Brittones
638 2040 783 2108 (Brittones
796 2041 827 2108 0)
845 2039 957 2094 Francos
975 2045 1001 2094 et
1014 2042 1050 2108 (et

127 2141 170 2178 om
185 2126 219 2190 G)
237 2125 401 2179 Alamannos.
418 2127 522 2192 BCDE,
538 2126 576 2180 Ite
588 2125 715 2180 Hisisione
726 2132 786 2180 nate
798 2130 858 2179 sunt
870 2125 1049 2194 generationes

128 2213 253 2279 quatuor,
279 2210 306 2263 id
330 2214 371 2264 est
390 2210 521 2264 Romanos
544 2209 656 2264 Francos
680 2211 838 2266 Alamannos
862 2216 888 2266 et
910 2211 1049 2268 Brittones.

128 2300 192 2350 anta
210 2295 267 2349 oF.
512 2316 666 2324 ---

195 2379 288 2434 Leonis
306 2379 367 2448 imp.
386 2381 470 2435 tactio.
491 2384 534 2447 ts,
554 2383 586 2435 79
610 2379 665 2435 Eiet
685 2383 713 2435 δέ
733 2401 786 2435 τινα
808 2384 859 2434 τῶν
880 2380 975 2447 ἐθνῶν,
999 2375 1049 2433 οἷον

126 2460 242 2535 Φράγγοι
265 2463 307 2516 καί
327 2457 500 2534 Λαγόβαρδοι,
523 2461 601 2520 πάλαι
623 2465 665 2537 μὲν
689 2463 787 2536 ἀσεβείᾳ
813 2461 982 2536 κρατούμενα,
1008 2467 1050 2519 νῦν

127 2550 155 2603 δὲ
177 2545 222 2616 τὴν
244 2545 331 2616 ἀληθῆ
353 2549 404 2603 τῶν
426 2553 570 2620 χριστιανοῖν
593 2551 670 2604 πίστιν
694 2544 865 2618 ἀσπαζόμενοι,
890 2539 926 2601 ών
951 2546 982 2601 τὰ
1008 2549 1050 2620 μὲν

127 2635 200 2704 osta,
226 2629 257 2687 τὰ
284 2633 311 2688 δὲ
339 2629 436 2702 ὑπήκοα
461 2653 490 2706 τῃ
516 2631 588 2706 ἡμῶν
614 2633 641 2687 ἐκ
665 2636 730 2688 θεοῦ
759 2634 870 2704 βασιλείᾳ
896 2627 1050 2703 τυγχάνουσι.

127 2721 169 2774 καί
194 2716 288 2780 τούτοις
313 2719 341 2772 δέ
364 2717 421 2772 εἰσιν
450 2716 571 2789 πολεμικοί
596 2713 731 2790 ἰδιώματα,
761 2717 792 2772 τὰ
818 2717 861 2789 μὲν
887 2717 914 2772 ἐκ
938 2715 1051 2789 παραδό-

124 2825 203 2873 σεως,
224 2801 257 2856 τὰ
275 2803 302 2856 δὲ
318 2804 359 2856 καί
376 2805 407 2875 τῇ
424 2800 505 2858 αὐτῶν
522 2805 641 2876 συνηθείᾳ
659 2800 789 2876 σύμφωνα·
814 2800 876 2873 ἅπερ
893 2798 1050 2873 παραθήσω-

126 2891 170 2960 μέν
186 2908 240 2954 σοι,
264 2879 287 2940 ώ
304 2889 434 2959 στρατηγέ,
459 2885 487 2941 οὗ
505 2885 575 2959 χάριν
591 2891 634 2958 τῆς
651 2887 731 2943 αὐτῶν
749 2888 911 2962 ἐκστρατείας·
934 2891 987 2948 πῶς
1002 2884 1050 2958 γὰρ

128 2975 179 3028 τῶν
201 2967 369 3043 εἰρηνευόντων
392 2975 433 3026 καί
456 2968 593 3045 συμμάχων
615 2976 657 3028 καλ
679 2971 848 3046 όμοθρτίσκων
864 2975 907 3027 καί
922 2969 1050 3041 ὑπηκόων,

127 3056 184 3114 ἀλλ’
205 3059 246 3111 ἵνα
270 3059 311 3112 καί
333 3057 359 3110 ἐκ
383 3059 434 3111 τῶν
457 3053 574 3111 τοιούτων
597 3058 692 3131 ἐθίμων
710 3061 751 3114 καὶ
768 3054 922 3126 συστάσεων,
944 3059 986 3110 καί
1003 3061 1051 3126 ε’ίγε

127 3147 165 3198 δεῖ
187 3145 228 3197 καί
249 3143 276 3196 ἐκ
300 3145 350 3196 τών
372 3139 465 3205 τούτοις
486 3142 611 3210 ἐναντίων,
639 3148 658 3198 εί
681 3146 703 3198 τί
720 3165 760 3198 σοι
777 3138 840 3207 δόξει
856 3141 974 3215 χρήσιμον
991 3141 1050 3197 ἀνα·

44 3287 46 3290 ,
127 3224 257 3299 λτξόμενος
283 3230 325 3282 καί
349 3226 462 3300 ζηλώσῃς
487 3229 528 3281 καλ
555 3227 610 3298 ἔχης
634 3228 658 3282 ἐν
684 3231 721 3302 τῷ
746 3231 825 3300 καιρῷ
846 3230 883 3300 τῷ
904 3223 1051 3300 προσήκοντι

127 3313 322 3383 γεγυμνασμίνον
358 3309 422 3367 κατὰ
457 3314 507 3366 τῶν
537 3309 629 3367 όποίων
658 3309 749 3382 δήποτε
779 3311 1050 3385 ἀντιπαραταττορένων

127 3399 260 3470 πολεμίων.

198 3485 290 3538 4-13,
327 3487 356 3538 81
377 3480 490 3554 Φράγγοι
511 3483 591 3536 τοίνυν
613 3484 655 3536 καλ
671 3479 832 3554 Δαγόβαρδοι
851 3478 928 3551 λόγον
950 3481 1050 3538 ἐλευθε-

129 3569 181 3637 ρίας
203 3569 258 3638 περί
278 3567 376 3622 πολλοῦ
397 3570 533 3622 ποιοῦνται·
557 3565 612 3622 ἀλλ’
638 3569 660 3622 oi
683 3569 726 3639 μὲν
747 3564 907 3639 Δαγόβαρδοι
928 3563 957 3622 τὸ
977 3568 1051 3623 πλέον
