2552 4172
385 311 404 352 u
426 309 512 352 numu
533 309 620 352 muno
643 309 747 352 xxxvn.
966 298 1026 360 117

114 477 282 560 appellando
311 477 558 559 chryselectrum,
587 479 667 558 quod
695 478 734 542 sit
761 478 870 542 coloris
892 480 974 542 aurci
997 490 1027 544 et

112 590 251 652 matutino
280 588 439 670 gratissimi
468 598 621 670 aspectus,
651 588 873 670 rapacissimum
901 591 1025 672 ignium,

111 701 136 764 si
165 701 243 763 iuxta
277 700 404 775 inerint,
444 701 598 763 celerrime
637 701 805 765 ardescens.
859 703 915 765 ho'c
949 702 1024 765 collo

112 811 293 894 adalligatum
321 811 433 873 mederi
460 809 595 874 febribus
626 820 656 873 ct
676 811 802 887 morbis,
831 813 933 876 tritum
954 833 1024 876 vero

112 943 174 986 com
196 923 283 985 melle
306 942 340 985 ac
362 942 484 986 rosaceo
507 924 623 986 aurium
644 923 721 986 vitiis
743 932 781 1002 ct,
804 923 828 987 si
850 943 917 986 curn
939 925 1025 986 melle
1043 939 1067 981 ιο

110 1035 202 1098 Attico
237 1041 366 1110 teratur,
404 1034 559 1098 oculorum
592 1054 711 1115 quoque
744 1035 930 1112 obscuritati,
964 1043 1026 1098 sto-

108 1145 201 1208 machi
234 1145 322 1208 ctiam
354 1145 420 1208 ritis
450 1147 497 1208 vcl
535 1164 591 1227 per
622 1165 655 1210 sc
686 1147 781 1208 larina
815 1147 878 1210 eius
909 1155 1027 1227 sumpta

107 1259 150 1320 rol
177 1277 247 1320 cum
276 1257 418 1319 mastiche
447 1265 516 1337 pola
540 1276 575 1318 ex
597 1255 681 1336 aqua.
725 1258 828 1320 sucina
851 1265 881 1320 et
902 1258 1026 1339 gemmis

107 1387 180 1448 quac
213 1377 286 1432 sunt
318 1368 477 1430 tralucidae
509 1368 709 1431 adulterandis
741 1386 882 1448 magnum
914 1369 1026 1432 habent

105 1481 218 1557 locum,
256 1479 384 1541 maxime
419 1479 606 1561 amethystis‚
643 1497 712 1541 cum
745 1487 844 1542 mmen
879 1483 960 1543 omni
992 1489 1026 1543 ut
1044 1495 1067 1536 15

106 1591 231 1654 diximus
254 1591 354 1653 colore
375 1591 559 1671 tinguantur.

105 1699 172 1786 (13)
202 1703 239 1765 de
267 1701 403 1783 lyncurio
430 1701 566 1783 proxime
594 1700 651 1763 dici
680 1699 759 1779 cogit
780 1709 934 1762 auctorum
955 1721 1024 1783 per·
1043 1718 1075 1768 52

104 1813 228 1889 tinacia,
260 1813 386 1894 quippe,
417 1813 530 1876 etiamsi
559 1832 620 1875 non
649 1811 791 1874 electrum
812 1810 843 1872 id
865 1831 929 1874 esse
951 1832 1024 1875 con-

104 1925 248 2000 tendunt,
291 1924 459 2005 lyncurium
494 1932 593 1985 tamen
630 1941 775 2004 gemmam
812 1942 876 1984 esse
911 1925 1024 2000 volunt,

104 2037 169 2098 fieri
198 2045 298 2098 autem
326 2035 482 2098 adfirmant
507 2055 543 2098 cx
572 2035 659 2096 urina
687 2033 805 2113 quidem
833 2033 941 2116 lyncis,
971 2036 1022 2097 sed

105 2156 134 2210 et
160 2165 273 2228 genere
302 2155 415 2226 terrac,
444 2147 582 2228 protinus
609 2164 645 2208 eo
672 2145 791 2208 animali
812 2145 928 2208 urinam
951 2165 1053 2230 ope-s

103 2258 201 2320 rieule
236 2277 284 2334 ca,
322 2258 463 2340 quoniam
496 2258 623 2320 invideat
654 2257 783 2334 homini,
817 2257 917 2337 ibique
949 2258 1022 2340 lapi-

104 2370 235 2432 descere.
288 2388 353 2432 esse
387 2377 485 2431 autem
522 2368 638 2449 qualem
675 2367 706 2430 in
743 2369 855 2432 sucinis
891 2369 1022 2432 colorem
1041 2385 1073 2437 53

104 2481 227 2562 igneum
247 2480 412 2561 scalpique,
442 2498 499 2542 nec
520 2479 590 2540 lolia
611 2487 727 2541 tantum
749 2497 782 2541 ac
804 2488 964 2541 stramenta
986 2481 1023 2541 ad

104 2611 136 2656 se
168 2610 275 2672 rapere
306 2592 358 2654 sed
390 2592 465 2654 aeris
499 2589 587 2653 etiam
620 2608 653 2652 ac
681 2589 751 2651 ferri
780 2589 909 2667 lamnas,
942 2592 1021 2671 quod

104 2702 198 2764 Diocli
231 2702 345 2764 cuidam
383 2701 605 2782 Theophrastus
641 2718 761 2782 quoque
803 2699 905 2762 credit.
965 2719 1020 2782 ego

104 2813 209 2876 salsum
237 2813 266 2874 id
293 2821 388 2876 totum
418 2813 547 2875 arbitror
575 2832 632 2875 nec
652 2813 741 2874 visam
769 2811 800 2874 in
823 2829 894 2872 aevo
917 2820 1050 2874 nostros

105 2943 250 3010 gemmam
282 2923 371 2986 ullam
404 2944 438 2986 ca
476 2925 683 3006 appellatione.
736 2924 841 2986 lalsum
880 2931 909 2984 et
942 2923 1020 3002 quod

106 3037 140 3098 de
171 3035 317 3099 medicina
349 3035 437 3101 simul
465 3034 617 3115 proditur,
650 3035 778 3099 calculos
803 3033 917 3096 vesicae
948 3042 1019 3113 poto

173 3266 213 3318 13.
229 3266 293 3331 pcto
311 3261 366 3316 BL.
472 3264 511 3316 14.
528 3261 606 3315 habet
623 3263 654 3315 B.

173 3349 214 3416 52,
233 3353 256 3403 l.
273 3349 383 3416 lingurio
400 3348 448 3413 13¹,
471 3347 630 3416 liguriam,
655 3347 759 3401 linturio
777 3346 810 3397 F.
920 3348 943 3398 3.
961 3345 1020 3414 lyn-

105 3435 203 3506 gurium
220 3435 264 3500 θ’,
281 3435 412 3504 lygurium
429 3433 473 3499 13²,
491 3433 618 3502 lycurium
635 3435 669 3487 F.
761 3435 784 3485 6.
803 3446 860 3483 earn
877 3431 908 3497 L,
927 3447 970 3482 om
986 3431 1018 3486 B.

172 3521 213 3588 53,
232 3521 247 3572 2
266 3519 399 3588 sculpique
416 3519 465 3585 13²,
482 3518 599 3588 alpisque
617 3535 649 3585 a,
669 3533 710 3569 om
728 3517 771 3572 12„
827 3519 871 3569 aul
888 3516 924 3581 B,
942 3531 972 3569 ac
989 3535 1018 3570 a.

172 3607 195 3658 3.
214 3620 244 3657 ac
262 3605 309 3670 Lo,
327 3604 359 3657 ad
376 3605 433 3657 BF.
519 3609 543 3658 4.
562 3603 665 3673 qnidam
681 3604 731 3668 Ba,
749 3601 851 3672 quidem
870 3605 897 3655 et
914 3602 945 3658 L.
