2560 4186
379 283 398 324 ιι
419 279 574 324 ετιυοοινιε
595 279 680 322 muno
702 280 749 322 vn.
983 265 1023 326 65

93 445 223 537 γνήσιοι
248 445 306 536 γάρ
337 453 364 512 οἱ
392 447 540 536 Γερμανοὶ
569 444 652 512 κατὰ
684 443 741 536 τὴν
766 444 928 532 Ῥωμαίων
956 437 1023 510 ῦιά-

93 564 225 624 λεκτον.
1042 587 1066 629 10

166 665 258 734 Ἔστι
279 661 314 732 δὲ
335 665 378 733 τά
398 668 452 757 μὲν
466 676 574 758 πρῶτα
587 669 661 757 μέρη
675 674 730 757 τῆς
741 664 838 756 χώρας
852 665 968 757 ταύτης
981 665 1025 732 τά
1043 681 1058 731 3

93 778 177 870 πρὸς
195 787 241 862 τῷ
261 777 362 868 Ῥήνῳ
385 781 472 869 μέχρι
490 787 553 843 τῶν
567 781 701 861 ἐκβολῶν
716 775 776 842 ἀπὸ
791 785 846 867 τῆς
860 785 957 868 πηγῆς
972 776 1025 867 ἀρ-

94 887 257 980 ξαμένοις·
281 882 388 977 σχεδὸν
410 882 444 953 δέ
464 914 497 953 τι
515 892 567 954 καὶ
586 886 672 954 τοῦτ’
691 893 756 952 ἐστι
770 886 808 954 τὸ
823 889 956 978 ἑσπέριον
970 895 1025 978 τῆς

94 1000 205 1092 χώρας
219 999 343 1082 πλάτος,
366 998 539 1090 ἡποταμία
553 1008 645 1066 πάσα.
680 997 795 1090 ταύτης
811 992 830 1063 δ

94 1111 163 1203 τὴν
177 1109 331 1202 Κελτικὴν
353 1109 529 1201 μετήγαγον
542 1110 700 1199 Ῥωμαῖοι,
723 1108 765 1174 τά
786 1104 814 1174 δ’
834 1115 912 1200 ἔρθη
927 1135 1023 1199 μετα-
1041 1129 1054 1170 5

95 1221 226 1288 στάντα
255 1229 295 1299 εἰς
322 1219 379 1312 τήν
407 1225 439 1288 έν
468 1220 558 1306 βάθει
584 1219 698 1312 χώραν,
728 1219 868 1311 καθάπερ
890 1222 1023 1312 Μαρσοί·

94 1336 207 1400 λοιποὶ
235 1326 265 1397 δ’
297 1335 367 1398 εἰσὶν
397 1332 495 1423 ὀλίγοι
523 1335 575 1398 καὶ
605 1341 668 1397 τῶν
696 1330 901 1422 Σουγάμβρων
929 1334 1023 1424 μέρος.

96 1444 187 1536 μετὰ
207 1437 240 1508 δὲ
261 1442 333 1520 τοῦς
346 1446 596 1534 παραποταμίους
611 1436 715 1509 τᾶλλά
729 1447 810 1508 ἐστιν
825 1449 899 1534 ίῦνη
913 1443 956 1508 τά
970 1469 1024 1534 ρε-

97 1550 186 1633 ταξῦ
207 1563 264 1620 τοῦ
276 1553 389 1644 Ῥήνου
410 1557 463 1620 καὶ
483 1565 540 1622 τοῦ
552 1553 673 1640 Ἄλβιος
687 1562 838 1644 ποταμοῦ,
862 1555 894 1631 ὂς
907 1554 1024 1646 παράλ-

96 1663 198 1757 ληλός
218 1691 280 1742 πως
302 1667 405 1750 ἐκείνῳ
428 1671 471 1757 ρἐῒ
488 1666 560 1758 πρὸς
579 1665 634 1733 τὸν
655 1663 801 1747 ὠκεανόν,
825 1665 880 1732 οῦκ
899 1664 1025 1731 ἐλάττω
1043 1690 1067 1732 ιο

97 1775 207 1867 χώραν
229 1770 344 1855 διεξιὼν
365 1773 439 1867 ἥπερ
461 1781 579 1854 ἐκεῖνος.
618 1780 673 1842 εἰσὶ
690 1771 724 1842 δὲ
738 1770 854 1867 μεταξῦ
869 1779 921 1840 καὶ
936 1773 1026 1843 ἄλλοι

98 1889 240 1977 ποταμοὶ
261 1889 379 1953 πλωτοί
402 1879 454 1971 (ὧν
476 1892 507 1954 έν
522 1896 568 1972 τῷ
582 1887 715 1978 Ἀμασία
730 1889 860 1979 Δροῦσος
874 1888 1025 1977 Βρουκτέ-

100 2024 173 2090 ρους
205 1997 487 2089 κατεναυμάχησε),
520 2001 634 2090 ῥέοντες
666 1997 811 2076 ὡσαύτως
843 1997 904 2064 ἀπὸ
934 1997 1025 2064 νότου

100 2107 177 2199 πρὸς
206 2113 312 2201 βορρᾶν
339 2112 391 2176 καὶ
413 2109 468 2176 τὸν
490 2109 632 2178 ὠκεανόν.
677 2105 800 2201 ἐξῆρται
820 2108 879 2200 γάρ
900 2110 919 2201 ἡ
942 2108 1026 2201 γε’ρα

100 2219 177 2311 πρὸς
199 2219 288 2287 νότον
310 2223 362 2286 καὶ
384 2230 493 2312 συνεχῆ
514 2234 582 2298 ταῖς
601 2217 729 2287 Ἄλπεσι
750 2233 831 2289 ποιεῖ
850 2220 934 2313 ρ’άχιν
954 2221 1026 2288 τινά
1043 2245 1068 2287 15

100 2329 177 2421 πρὸς
199 2332 240 2397 ἕω
261 2333 440 2422 τεταμένην,
463 2331 503 2409 (ῦς
524 2328 561 2398 άν
583 2334 668 2423 μέρος
689 2325 780 2399 οῦσαν
795 2340 857 2399 τῶν
869 2330 1025 2400 Ἄλπεων·

101 2444 159 2508 καὶ
180 2436 219 2533 δὴ
238 2446 290 2508 καὶ
305 2441 499 2534 άπερήναντό
513 2467 591 2521 τινες
607 2441 703 2522 οῦτως
718 2438 769 2509 ῦιά
783 2469 820 2510 τε
831 2443 888 2536 τὴν
903 2451 1025 2534 λεχθεῖ-

102 2579 162 2620 σαν
184 2555 268 2620 θέσιν
290 2556 341 2620 καὶ
356 2548 460 2620 διὰτὸ
474 2553 531 2646 τὴν
547 2553 644 2646 αὐτὴν
659 2553 733 2646 ῦλην
747 2556 892 2646 ἐκφέρειν·
917 2555 951 2621 οῦ
966 2556 1024 2648 μὴν

102 2667 157 2731 ἐπὶ
177 2664 310 2731 τοσοῦτό
332 2690 368 2755 γε
390 2663 461 2753 ῦψος
481 2665 595 2754 ἀνίσχει
614 2665 656 2730 τά
670 2665 773 2763 ταύτῃ
788 2664 850 2758 ὅρη.
887 2669 1026 2733 ἐνταῦθα

104 2769 140 2860 δ’
164 2779 248 2841 ἐστὶν
271 2773 453 2866 ὁἘρκῦνιος
474 2769 583 2866 δρυμὸς
599 2779 651 2842 καὶ
664 2776 708 2842 τά
721 2786 784 2843 τῶν
799 2775 925 2868 Σοήβων
941 2784 1024 2869 ἔθνη,
1042 2801 1067 2842 20

103 2885 149 2952 τά
170 2889 224 2977 μὲν
247 2893 389 2954 οἰκοῦντα
410 2885 496 2964 έντὸς
516 2896 573 2954 τοῦ
589 2882 711 2978 δρυμοῦ,
734 2886 885 2980 [καθάπερ
904 2888 947 2954 τά
961 2898 1024 2955 τῶν

175 3215 202 3278 3,
220 3215 245 3265 4.
261 3207 294 3266 τὰ
311 3211 373 3280 ἔθνη
389 3209 421 3266 τά
438 3213 480 3284 μὲν
497 3217 612 3267 coniecit
622 3213 774 3269 Kramorus.
859 3219 882 3269 7.
900 3213 957 3268 εἰσίν
973 3211 1024 3269 Οὖ-

107 3306 173 3360 σίιιοι
189 3306 351 3374 Madvigius.
441 3311 480 3362 14.
498 3301 621 3380 ἐξήρτηται
640 3310 711 3375 libri,
729 3326 792 3361 σοιν·
810 3308 989 3364 θανουῦοπιισ.

108 3403 149 3455 16.
167 3391 231 3453 οῦσοι
248 3403 319 3467 libri,
338 3417 401 3454 corr
417 3402 564 3470 Χρίοπιίιν.
672 3405 712 3458 19.
730 3384 775 3473 ὅρη
793 3401 948 3470 meltius,
966 3404 1024 3476 μέρη

107 3495 182 3548 libri.
285 3496 325 3550 20.
344 3491 461 3566 ἑρκῦννιος
479 3496 506 3550 C.
558 3488 644 3568 σάμων
662 3497 698 3550 01.
793 3499 834 3551 21.
852 3499 978 3551 emblema
995 3502 1025 3551 in

67 3659 70 3666 ι
108 3590 259 3656 marginem
274 3592 370 3643 νιεέοἰί
384 3589 540 3645 ΜσίποΙιίυσ.

159 3690 276 3736 Germanis
288 3691 384 3744 antiqva.
855 3680 870 3731 5
