2560 4186
531 232 685 276 onumen.
1051 216 1070 276 7

217 401 248 462 in
278 401 448 463 universum
477 400 645 463 aestimanti
667 401 734 482 plus
755 418 848 481 penes
869 399 998 480 peditem
1021 418 1071 462 ro·

148 512 249 586 ¹boris;
283 529 379 591 eoque
406 509 489 572 mixti
516 511 715 590 proeliantur,
744 519 811 590 apta
834 519 863 572 et
885 518 1071 590 congruente

146 623 189 684 ‚ad
222 630 391 701 equestrem
424 633 555 702 pugnam
583 621 737 683 velocitate
769 620 902 700 peditum
935 639 1010 701 quos
1036 638 1072 682 ex
1115 625 1120 632 '

151 733 236 794 omni
263 732 417 795 iuventute
445 731 575 794 delentos
601 740 670 794 ante
695 731 789 794 aciem
811 731 920 794 looant.
964 731 1069 794 dedui-

144 853 202 906 -tur
224 852 255 905 et
276 861 435 906 numerus:
465 841 585 904 oenteni
607 859 643 904 ex
664 841 789 923 siugulis
810 842 894 923 pagis
916 852 998 919 suut,
1026 841 1070 906 id·
1088 864 1114 909 ao

152 973 211 1034 que
239 953 338 1033 ipsum
365 953 444 1015 inter
472 970 543 1015 suos
564 960 708 1015 vocantur
736 959 765 1014 et
794 953 872 1032 quod
895 952 992 1035 primo
1014 971 1072 1016 nu·

145 1082 254 1126 merus
276 1063 332 1125 fuit
354 1063 411 1126 iam
435 1081 545 1126 nomen
569 1071 599 1125 et
619 1063 717 1125 honor
738 1071 791 1126 est.

217 1174 296 1236 acies
318 1192 373 1254 per
394 1191 507 1236 cuneos
529 1172 730 1254 componitur.
766 1175 873 1237 cedere
887 1174 962 1248 loco,
986 1172 1072 1236 dum·

153 1285 242 1347 modo
273 1302 377 1348 rursus
406 1284 514 1358 instes,
544 1283 661 1346 oonsilii
684 1285 779 1363 [mam
806 1283 973 1348 formidinis
994 1282 1072 1346 arbi-

151 1403 281 1457 trantur.
332 1413 458 1475 corpora
490 1412 613 1457 suorum
645 1394 732 1457 etiam
766 1395 797 1456 in
830 1394 926 1458 dubiis
952 1394 1073 1476 proeliis
1090 1417 1116 1461 aa

151 1507 298 1567 referunt.
350 1514 468 1568 sontum
505 1505 660 1585 reliquisse
696 1505 888 1586 praecipuum
921 1504 1072 1584 flagitium,

153 1635 210 1678 neo
237 1624 289 1678 aut
316 1615 407 1678 saeris
435 1616 538 1678 adesse
566 1625 618 1678 aut
650 1616 810 1682 eouoili'um
838 1616 915 1680 inire
945 1616 1073 1696 ignomi-

154 1727 239 1789 nioso
273 1726 332 1802 fes;
365 1726 510 1806 multique
542 1726 716 1808 superstites
749 1726 895 1790 bellorum
922 1726 1072 1789 infamiam

152 1837 259 1916 laqueo
282 1837 434 1900 finierunt.

218 1965 304 2028 reges
338 1966 373 2010 ex
407 1946 573 2022 nobilitate,
607 1946 698 2010 duces
731 1965 767 2008 ex
799 1946 908 2008 virtute
939 1953 1107 2009 sumunt?

154 2076 211 2120 nee
244 2055 366 2136 regibus
382 2057 514 2122 -intinita
549 2067 599 2119 aut
627 2056 719 2119 libera
747 2064 891 2138 potestas,
925 2066 955 2120 et
982 2057 1073 2120 duces

153 2167 289 2248 exemplo
317 2167 417 2247 potius
445 2185 533 2249 quam
560 2167 700 2248 imperio,
729 2167 754 2230 si
776 2167 923 2248 prompti,
952 2168 976 2232 si
999 2186 1072 2232 oon-

152 2279 265 2358 spieui,
309 2278 334 2340 si
369 2286 438 2340 ante
475 2279 567 2342 aoiem
611 2286 713 2358 agant,
756 2277 950 2342 admiratione
985 2297 1072 2359 prae-

152 2398 232 2452 sunt
277 2397 409 2450 oeterum
437 2371 535 2468 neque
563 2388 796 2452 animadvertere
825 2407 923 2469 neque
950 2389 1103 2470 vinoire,s

154 2661 184 2708 in
202 2659 327 2722 margine
344 2659 436 2709 cuncto
447 2659 478 2724 B,
514 2660 606 2710 cuncto
621 2659 645 2723 b,
680 2657 817 2710 coniuncto
834 2671 917 2723 supra
935 2671 1039 2708 uersum
1049 2657 1073 2726 β,

156 2747 248 2795 eoncto
260 2742 287 2808 C,
304 2745 397 2794 eunoto
416 2746 443 2793 et
459 2728 664 2808 mpra²oduieto
674 2758 697 2794 o.

224 2829 263 2880 16.
281 2827 438 2880 existimanti
454 2827 495 2881 Co.
634 2830 674 2880 17.
692 2826 762 2879 misti
775 2828 798 2879 d.
857 2824 1075 2896 praep-prepte-

147 2961 248 3028 ,liantnr
266 2961 330 3014 titre·
347 2966 373 3013 et
389 2963 515 3015 similiter
531 2965 637 3030 ubique.
689 2977 721 3016 ex
731 2977 753 3014 o.
858 2908 909 3015 19.1
916 2909 1032 3014 delecto
1042 2962 1073 3016 B.

222 3047 263 3099 20.
282 3047 557 3100 centeni-numerus
575 3063 618 3100 om
629 3046 656 3101 C.
735 3049 776 3102 21.
795 3043 895 3114 quode,
913 3044 1016 3114 quidem
1025 3047 1073 3110 Bb,

134 3163 217 3198 roera·
229 3148 252 3216 β.
287 3124 414 3215 prim3⁵ld
510 3151 551 3202 23.
570 3145 648 3202 orioos
665 3149 691 3202 C.
785 3150 824 3203 14.
844 3144 1035 3214 iorfflpmidiuis
1048 3150 1072 3202 b.

223 3233 265 3284 25.
283 3232 360 3284 etiam
374 3232 437 3298 Boo,
453 3233 477 3284 u
495 3233 521 3286 G.
604 3231 672 3302 pdiis
685 3232 712 3286 0.
833 3233 875 3284 27.
893 3231 1028 3285 eonsilium
1046 3233 1072 3288 C.

222 3319 263 3370 28.
280 3315 417 3370 intameam
429 3317 455 3371 C.
710 3333 725 3381 ,ζ

143 3433 147 3439 ,
222 3400 248 3470 7,
267 3403 289 3454 1.
309 3407 478 3456 summonte.
582 3404 607 3456 2.
625 3405 669 3454 out
683 3386 734 3468 Bp',
757 3415 788 3452 ae
807 3399 847 3452 oe.
883 3404 910 3453 et
925 3400 971 3466 Co,
994 3403 1073 3455 etiam

153 3503 202 3557 Bo.
274 3504 297 3555 3.
316 3503 401 3570 pronti
419 3503 445 3556 C.
514 3506 539 3558 4.
558 3502 621 3572 egnit
635 3503 661 3556 0.
731 3506 755 3555 5.
774 3479 799 3572 ᾧ
824 3517 887 3556 roro·
903 3507 934 3556 iu
952 3519 1035 3572 neque
1046 3505 1073 3559 0.
