2560 4186
175 332 182 344 ‚
257 264 298 325 62
537 279 555 320 ιι
577 277 731 322 ετιιιοοινιε
753 278 837 321 muno
859 278 896 322 ιν.

224 457 240 508 9
310 442 401 511 Μετὰ
413 438 447 509 δὲ
457 427 586 521 τούτους
598 451 625 510 οί
636 442 726 533 ἐγγὺς
736 436 795 533 ἤδη
806 437 1067 534 τοῦἈδριατικοῢ
1076 455 1174 535 μυχοῦ
1271 489 1272 492 =

257 559 309 622 καὶ
326 564 388 621 τῶν
408 554 491 620 κατὰ
509 554 674 646 Ἀκυληίαν
697 553 801 621 τόπων
826 561 953 637 οἰκοῦσι,
975 555 1122 647 Νωρικῶν
1139 559 1174 623 τί

257 691 334 745 τινες
349 692 390 733 κα
388 663 542 772 ὶΚοίρνοι
556 674 619 730 τῶν
634 659 668 730 δε
678 665 750 757 Νω
754 691 824 732 ιιιων
835 691 891 732 εισι
901 691 953 732 και
941 669 992 732 οἱ
1002 666 1174 758 Ταυρίσκοι

257 763 426 882 πάνταςδ’
456 765 568 844 ἔπασσε
596 785 658 843 τῶν
687 692 795 867 ἀνέδην
821 772 1021 868 καταδρομῶν
1043 778 1176 868 Τιβέριος
1271 805 1272 808 ’

230 893 311 955 ικαὶ
333 916 350 957 ο
338 883 559 984 ἀδελφὸς’
523 897 620 954 αυτοῦ
642 889 772 979 Δροῦσος
791 873 896 978 θερεία
922 897 994 978 μιᾶ,
1020 914 1085 953 ωστ
1083 883 1176 979 ’ἤδη
1271 903 1272 908 ’

257 1003 361 1092 τρίτον
382 1002 435 1065 καὶ
456 998 636 1096 τριακοστὸν
659 1005 725 1076 ἔτος
747 1001 829 1064 ἐστὶν
850 990 942 1078 ἐξ
906 1025 940 1064 ου
959 998 1030 1064 καθ’
1047 999 1176 1090 ἡσυχίαν

259 1109 343 1187 ὄντες
364 1109 592 1177 ἀπευτακτοῦσι
612 1109 684 1188 τοὺς
703 1109 816 1201 φόρους.
854 1109 937 1176 κατὰ
954 1118 1056 1176 πᾶσαν
1071 1104 1105 1176 δὲ
1119 1111 1177 1202 την

258 1231 321 1288 τῶν
332 1219 472 1287 Ἄλπεων
495 1220 607 1312 ὀρεινὴν
630 1227 695 1287 ἔστι
716 1223 769 1311 μὲν
784 1221 837 1287 καὶ
851 1219 993 1310 γεώλοφα
1008 1223 1104 1312 χωρία
1119 1248 1177 1288 κα-

257 1340 318 1411 λῶς
345 1340 545 1424 γεωργεῖσθαι
572 1327 723 1422 δυνάμενα
750 1335 802 1400 καὶ
830 1331 961 1410 αὐλῶνες
983 1325 1017 1398 εὖ
1039 1357 1177 1399 συνεκτι-

218 1467 241 1509 ιο
260 1447 370 1535 σμίνοι,
392 1471 430 1511 το
418 1443 550 1540 μέντοι
563 1445 654 1510 πλέον
669 1446 721 1509 καὶ
736 1443 872 1533 μάλιστα
885 1446 951 1534 περὶ
965 1443 1022 1522 τὰς
1036 1445 1177 1537 κορυφάς,

257 1559 324 1647 περὶ
347 1557 363 1621 3
385 1549 422 1646 δὴ
444 1557 496 1620 καὶ
510 1558 688 1620 συνισταντο
704 1580 719 1621 ο
721 1556 866 1688 ἱληρταί,
886 1553 999 1645 λυπρὸν
1014 1560 1066 1620 καὶ
1081 1553 1178 1648 ἄκαρ-

258 1693 314 1733 πον
337 1659 388 1732 διά
409 1691 446 1762 τε
467 1693 523 1743 τας
545 1665 661 1755 πάχνας
683 1670 734 1731 καὶ
755 1664 812 1756 την
833 1664 1015 1757 τραχύτητα
1035 1691 1091 1757 της
1113 1676 1178 1757 γῆς.

260 1777 343 1843 κατὰ
365 1756 470 1844 σπάνιν
493 1769 545 1844 οὖν
566 1785 676 1869 τροφῆς
696 1801 732 1842 τε
755 1779 807 1842 καὶ
823 1774 925 1842 αλλων
939 1770 1103 1910 ἐφείδοντο
1110 1777 1175 1843 ἔσθ’

159 1891 271 1966 p.‘207
260 1887 314 1956 ότι
340 1897 404 1954 τῶν
428 1893 545 1966 ἐντοῖς
565 1882 754 1971 πεδίοις,“’
722 1915 746 1953 ιν
779 1895 874 1977 ἔχοιεν
896 1886 1056 1979 χορηγούς
1085 1887 1179 1955 ἀντε-

217 2015 242 2057 15
259 1994 381 2067 δίδοσαν
397 1994 430 2066 δὲ
445 2001 563 2091 ῥητίνην
577 2002 691 2066 πίτταν
706 1993 786 2084 δᾷδα
801 1999 889 2091 κηρὸν
900 1999 990 2090 τυρὸν
1001 2000 1087 2088 μέλι·
1102 1999 1178 2066 τού-

258 2137 321 2177 των
348 2109 406 2201 γὰρ
435 2110 586 2201 εὐπόρουν.
632 2111 803 2201 ὑπέρκειται
831 2103 865 2174 δὲ
891 2117 954 2174 τῶν
982 2109 1109 2200 Κάρνων
1138 2111 1176 2177 τὸ

257 2221 427 2288 Ἀπέννινον
450 2219 524 2313 ὅρος,
546 2223 652 2312 λίμνην
669 2227 737 2310 ἔχον
753 2216 878 2299 ἐξιεῖσαν
893 2227 932 2296 εἰς
947 2219 1002 2286 τὸν
1015 2219 1177 2310 Ἀτησῒνον

258 2330 413 2421 ποταμόν,
444 2333 475 2409 ὃς
487 2369 490 2376 «
502 2331 686 2422 παραλαβὼν
704 2329 835 2420 Ἀταγιν
858 2327 951 2396 ἄλλον
972 2329 1113 2420 ποταμὸν
1138 2341 1177 2410 εἰς

259 2441 313 2508 τὸν
344 2436 466 2533 Ἀδρίαν
505 2441 655 2528 ἐκβάλλει.
710 2445 746 2508 ἐκ
782 2436 816 2508 δὲ
853 2449 907 2533 τῆς
946 2441 1040 2532 αὐτῆς
1071 2444 1177 2534 λίμνης

216 2571 241 2613 νο
259 2557 311 2619 καὶ
339 2545 430 2630 ἄλλος
458 2553 596 2643 ποταμὸς
623 2561 662 2630 εἰς
689 2552 744 2619 τὸν
762 2550 877 2643 Ἴστρον
906 2557 962 2643 ρἐῒ,
990 2552 1176 2642 καλούμενος

256 2663 380 2754 Ἰσοίρας.
414 2667 466 2730 καὶ
481 2663 538 2756 γὰρ
554 2665 569 2730 3
583 2661 695 2755 Ἴστρος
709 2663 765 2740 τὰς
779 2663 872 2754 ἀρχὰς
887 2662 948 2729 ἀπὸ
963 2661 1083 2729 τοιίτων
1094 2670 1176 2754 λαμ-

259 2775 343 2861 βάνει
363 2784 425 2840 τῶν
448 2775 523 2866 ὀρῶν
544 2769 733 2864 πολυσχιδῶν
757 2771 852 2840 ὄντων
874 2777 925 2839 καὶ
944 2774 1174 2864 πολυνεφοίλων.

258 2888 344 2977 μέχρι
365 2885 498 2977 μὲνγὰρ
520 2880 607 2978 δεῦρο
630 2885 690 2952 ἀπὸ
717 2893 772 2976 τῆς
792 2887 979 2976 Λιγυστικῆς
1001 2894 1110 2976 συνεχῆ
1132 2885 1175 2952 τὰ

259 2997 360 3088 ὑψηλὰ
386 3005 448 3062 τῶν
473 2994 613 3062 Ἄλπεων
640 2991 764 3062 διέτεινε
792 3000 843 3062 καὶ
866 2995 929 3072 ἑνὸς
950 2993 1034 3086 ὅρους
1056 3020 1174 3085 φαντα-

216 3127 241 3168 ιι
260 3110 326 3174 σίαν
347 3121 495 3199 παρεῖχεν,
517 3105 571 3171 εἶτ’
596 3106 746 3172 ἀνεθέντα
767 3111 819 3172 καὶ
839 3109 1070 3174 ταπεινωθέντα
1091 3102 1174 3186 ἐξαί-

327 3318 351 3379 9,
370 3317 392 3367 3.
413 3313 535 3366 ταυτίσκοι
553 3313 623 3379 libri,
642 3329 705 3364 corr
721 3311 867 3380 Xylander.
969 3315 994 3368 4.
1013 3307 1114 3380 ἅναιδην
1130 3315 1174 3381 ΑΙ,

260 3396 353 3467 ἅνείδην
372 3401 398 3467 0,
417 3396 502 3465 ἀνέδην
520 3400 550 3454 B.
630 3400 668 3451 12.
683 3398 769 3466 τέχνας
786 3398 858 3464 libri,
875 3393 968 3467 τείχισις
988 3396 1173 3465 ΤμινοΙιίίιίιιι.

311 3488 351 3537 17.
366 3481 493 3552 Ἀτησίνον
512 3484 674 3550 cossanum,
689 3483 844 3548 Meinokius,
861 3478 948 3552 ἱσοίραν
966 3482 1036 3536 libri.

260 3573 300 3624 21.
316 3563 413 3639 Ἰσοίρας
433 3569 593 3635 (Romnum,
611 3569 767 3636 Μοίιιιίιιιιε,
784 3562 892 3636 ι’πησινὸς
908 3569 981 3622 libm'.
