2560 4186
492 250 647 293 urrunnu.
987 234 1027 298 23

25 485 29 492 ,
122 438 189 500 pore
209 419 397 482 contendant.
433 417 528 480 rictus
543 418 738 480 voluntariam
760 417 932 480 servitutem
954 419 1071 496 adit31o

20 515 21 520 ἵ
121 530 243 609 quamvis
269 529 419 606 iuvenior,
448 529 580 607 quamvis
609 528 773 604 robustior,
800 529 912 610 alligari
940 548 1028 592 scae

121 642 213 702 venire
239 641 360 721 patitur.
405 658 438 701 ea
466 621 510 702 cst
538 639 568 700 in
598 657 630 700 re
652 657 739 719 praua
762 640 940 721 peruicacia3
974 640 1030 720 ipsi

20 755 21 842 J
121 752 201 812 fidem
226 759 343 813 vocant.
393 769 493 814 servos
525 749 709 812 condicionis
741 750 830 813 huius
861 769 915 832 per
947 769 1029 812 com-

119 863 221 924 mercia
256 861 401 936 tradunt,
437 869 469 923 ut
510 880 542 923 se
579 878 699 940 quoque
735 860 849 942 pudore
892 861 1030 924 victoriae

119 973 256 1034 oxolrant.
1048 997 1072 1039 15

177 1083 281 1145 ceteris
307 1081 400 1144 servis
425 1101 487 1143 non
517 1081 547 1141 in
578 1090 713 1144 nostrum
740 1100 854 1144 morem
882 1083 1031 1164 discriptis
1043 1086 1081 1143 25

117 1213 168 1274 per
192 1193 330 1255 familiam
360 1191 531 1255 ministeriis
559 1200 700 1254 utuntur:
732 1211 815 1255 suam
838 1193 963 1272 quisque
985 1181 1029 1255 se-

117 1303 194 1380 dem,
228 1322 299 1366 suos
331 1310 453 1385 penates
484 1303 569 1382 regit.
618 1304 759 1365 frumenti
785 1304 906 1366 modum
936 1302 1030 1366 domi-

117 1433 170 1476 nos
201 1423 253 1477 aut
283 1414 402 1494 pecoris
435 1422 486 1474 aut
513 1414 602 1478 vestis
634 1421 667 1476 ut
700 1414 806 1478 colono
840 1414 969 1495 iniungit
1003 1424 1031 1477 et

116 1544 213 1591 servus
245 1525 391 1586 hactenus
422 1533 520 1603 paret:
560 1534 657 1586 cetera
690 1526 795 1588 domus
828 1526 924 1588 officia
956 1542 1061 1586 uxors

20 1637 21 1640 ’
116 1653 148 1697 ac
174 1636 261 1698 liberi
277 1644 489 1714 exequuntur.
532 1634 689 1698 verberare
711 1654 827 1698 servum
852 1655 885 1698 ac
907 1636 1032 1699 vinculis

118 1754 145 1806 ot
170 1764 261 1826 opere
292 1764 430 1808 coercere
460 1763 575 1807 rarum:
610 1746 744 1808 occidere
766 1746 875 1822 solent,
905 1765 965 1808 non
989 1746 1032 1808 di-

117 1857 235 1937 sciplina
265 1865 295 1917 et
322 1857 493 1932 severitate,
521 1855 573 1918 sed
600 1856 711 1937 impetu
739 1866 768 1918 et
789 1857 848 1932 ira,
878 1864 911 1918 ut
933 1856 1031 1918 inimi-

117 1987 196 2044 cum,
231 1967 290 2030 nisi
325 1968 404 2046 quod
434 1967 556 2047 impune
586 1976 639 2029 est.
689 1967 785 2028 liberti
815 1986 877 2029 nou
905 1967 1031 2030 multum

118 2097 202 2159 supra
224 2097 326 2142 servos
348 2088 427 2153 sunt,
449 2095 517 2139 raro
540 2077 658 2157 aliquod
681 2086 863 2140 momentum
883 2078 914 2139 in
934 2077 1032 2156 domo,
1052 2063 1080 2142 m¹

119 2207 274 2269 numquam
305 2189 333 2250 in
365 2188 495 2262 ciuitate,
530 2188 661 2269 exceptis
693 2189 844 2252 dumtaxat
872 2190 907 2252 iis
936 2191 1032 2271 genti·

118 2299 169 2364 hus
201 2317 278 2380 quae
311 2308 485 2378 regnantur.
534 2299 576 2360 ibi
604 2300 683 2362 enim
710 2310 739 2362 et
768 2319 859 2382 super
886 2302 1033 2382 ingenuos

118 2419 146 2472 et
175 2428 265 2493 super
300 2407 414 2471 nobiles
441 2409 622 2472 ascendunt:
655 2411 734 2491 apud
762 2420 878 2474 ceteros
905 2413 1033 2492 impares

28 2571 29 2578 ,
119 2520 244 2584 libertini
266 2518 409 2584 libertatis
431 2529 641 2600 argumentum
663 2530 742 2584 sunt.

183 2667 223 2715 10.
242 2662 414 2714 voluntarium
426 2662 498 2729 prC.
613 2666 652 2717 11.
672 2663 780 2731 quanvis
789 2678 812 2716 o.
865 2663 983 2716 iuvenior
1000 2663 1032 2732 dc

120 2761 223 2815 corpore
242 2745 405 2813 contdddtt).
510 2749 549 2801 12.
568 2747 745 2816 pervicatia&
849 2749 889 2801 13.
907 2748 1032 2802 conditio·

20 2867 21 2870 κ
121 2831 230 2887 nisBCe.
268 2832 392 2884 nomenoio
403 2832 434 2896 Β,
453 2832 626 2885 comertiaco.

182 2914 231 2985 25,
252 2919 274 2968 1.
293 2915 421 2984 discriptis
433 2916 674 2984 Reiffersedetdiue,
693 2916 828 2985 descriptis
847 2917 919 2970 titre.

122 3003 142 3053 2.
158 3001 306 3054 ministeriis
317 3000 374 3070 θοβ,
393 3002 517 3056 ministris
524 3003 572 3055 Bb.
636 3005 659 3055 4.
670 3003 753 3053 litura
765 3007 827 3054 ante
839 3008 867 3054 ut
878 3005 901 3054 b.
938 3007 964 3055 et
975 3002 1033 3071 θοβ,

122 3087 200 3140 nth,
289 3089 312 3139 5.
332 3085 412 3138 ollitia
425 3088 467 3140 Ca.
553 3091 576 3142 6.
596 3094 754 3155 exequantur
765 3087 806 3140 Co.
841 3087 916 3139 violis
927 3087 953 3140 0.

122 3175 142 3224 1.
159 3173 294 3225 cohercere
305 3171 346 3224 Ge.
381 3173 472 3225 irarum
489 3188 510 3224 c.
598 3174 690 3225 9-14,
708 3171 841 3242 liberti-
856 3181 1034 3238 argumentum

122 3263 189 3310 aunt:
209 3259 274 3309 daec
286 3260 315 3308 to
326 3257 381 3320 fine
393 3259 490 3324 capitis
503 3259 543 3322 26,
553 3260 616 3323 poet
628 3257 784 3321 ignorantur,
798 3257 895 3307 dotent
903 3257 950 3323 Bt,
962 3257 1033 3326 redd

122 3345 196 3394 etiam
215 3344 258 3394 ln'o
275 3344 305 3394 in
317 3339 448 3404 inferiore
459 3346 590 3408 margine,
608 3357 668 3394 cum
681 3343 731 3392 dac
743 3341 927 3408 adnotatione,
944 3342 971 3394 in
984 3343 1033 3396 hoc

123 3425 175 3480 loco
193 3427 288 3496 potius.
360 3431 399 3480 11.
418 3441 581 3496 nunquame.
637 3429 692 3500 11.
711 3430 738 3478 ct
755 3439 832 3490 super
850 3426 976 3494 ingenuos
991 3430 1034 3480 dte

123 3529 372 3597 inmergioeomd.
444 3530 483 3582 13.
502 3528 603 3595 inpares
614 3527 640 3581 0.
717 3531 757 3581 14.
776 3493 835 3581 eide.
871 3533 931 3582 sunt
949 3545 989 3580 orn
1007 3527 1035 3583 0.
