2560 4186
248 215 289 277 72
521 235 540 276 ε
562 234 714 278 ετιυυουιε
736 234 820 278 uano
842 234 891 277 vn.

248 396 485 488 ἀφιππάσασθαι
506 399 558 465 καὶ
580 397 747 488 φεύγοντας
769 398 861 490 ἐγγὺς
881 403 1025 490 γενέσθαι
1039 409 1096 467 τοῦ
1114 425 1173 467 πε·

248 517 520 602 ρικαταληφθῆναι.
558 507 629 576 οὕτε
651 504 685 576 ὁὲ
698 508 838 596 τοσούτῳ
853 511 943 601 τάχει
957 511 1014 604 την
1031 514 1173 597 ἐπίβασιν
1250 525 1251 534 ’

206 644 232 688 ου
250 621 423 712 ὁρμωμένην
457 629 644 712 ἱστοροῦμεν,
674 620 756 686 ἀλλά
783 621 960 713 λεληθότως
986 633 1172 714 προσιοῦσαν

245 731 303 822 τὴν
325 731 507 798 θάλατταν·
543 729 615 798 ούτε
641 731 679 797 τὸ
701 731 779 797 καθ’
804 733 916 824 ἡμέραν
937 733 1093 825 γινόμενον
1117 739 1171 802 καὶ

247 850 337 908 πᾶσιν
360 849 485 909 ἔναυλον
506 837 565 934 ἤδη
588 839 621 910 ὁν
642 855 705 920 τοῖς
719 838 893 934 πλησιάζειν
908 846 1051 934 μέλλουσι
1065 843 1170 938 πρὶνῆ
1252 859 1253 876 ³

247 951 438 1036 θεάσασθαι,
467 963 615 1020 τοσοῦτον
638 960 746 1044 ἔμελλε
767 952 950 1045 παρέξεσθαι
971 955 1064 1045 φόβον
1087 955 1169 1024 ὥστε
1253 1013 1254 1016 ¹

247 1063 376 1155 φεύγειν,
400 1065 439 1141 ὡς
462 1061 498 1130 άν
521 1073 547 1130 εἰ
568 1060 602 1143 ἐξ
623 1059 777 1155 ἀδοκήτου
799 1067 969 1156 προσέπεσε.

214 1196 230 1247 2
313 1175 425 1242 Ταῦτά
452 1200 489 1242 τε
517 1169 553 1265 δὴ
582 1170 703 1274 ὁρκαίως
732 1181 858 1265 ἐπιτιμᾷ
879 1189 942 1253 τοῖς
964 1187 1169 1267 συγγραφεῦσι

246 1280 447 1363 Ποσειδώνιος
474 1289 525 1352 καὶ
555 1286 589 1353 οὐ
616 1295 717 1362 κακῶς
746 1282 872 1369 εἰκάζει,
901 1281 981 1353 ὁιότι
1010 1293 1167 1383 λῃστρικοὶ

248 1395 332 1474 ὄντες
353 1401 405 1462 καὶ
426 1395 576 1488 πλάνητες
598 1407 625 1464 οἱ
639 1398 768 1488 Κίμβροι
785 1401 837 1462 καὶ
851 1400 936 1488 μέχρι
949 1406 1013 1463 τῶν
1027 1402 1095 1489 περὶ
1108 1399 1166 1491 τήν
1255 1395 1256 1402 ¹

247 1511 387 1574 Μαιῶτιν
408 1508 585 1599 ποιήσαιντο
607 1511 778 1600 στρατείαν,
800 1508 851 1574 ἀπ’
876 1511 995 1574 ἐκείνων
1019 1503 1053 1574 δὲ
1075 1513 1128 1575 καὶ
1150 1511 1166 1576 ὁ

221 1621 410 1710 σΚιμμέριος
432 1622 560 1711 κληθείη
581 1619 741 1711 Βόσπορος,
765 1618 826 1687 οἷον
847 1619 1024 1710 Κιμβρικός,
1046 1620 1165 1710 Κιμμε-
1257 1697 1258 1710 γ

249 1732 325 1821 ρίους
339 1730 410 1808 τούς
424 1731 573 1822 Κίμβρους
588 1727 804 1821 ὀνομασάντων
818 1739 880 1796 τῶν
892 1730 1060 1823 Ἑλλήνων.
1095 1735 1164 1822 φησὶ

248 1836 282 1909 ὁέ
310 1846 362 1907 καὶ
384 1843 490 1919 Βοίους
517 1842 572 1909 τὸν
591 1841 746 1932 Ἑρκύνιον
768 1837 878 1933 ὁρυμὸν
900 1850 989 1908 οἰκεῖν
1011 1841 1163 1933 πρότερον,
1187 1877 1192 1883 ⁴
1258 1886 1259 1898 ι

248 1953 319 2031 τοὸς
341 1948 375 2020 ὁέ
393 1955 544 2044 Κίμβρους
570 1952 757 2044 ὁρμήσαντας
778 1957 828 2020 ἐπὶ
850 1953 904 2020 τὸν
925 1952 1020 2020 τόπον
1043 1963 1164 2035 τοῦτον,

249 2065 512 2155 άποκρουσθέντας
540 2064 597 2131 ὑπὸ
614 2059 687 2130 τῶν
709 2065 806 2130 Βοίων
832 2068 882 2130 ἐπὶ
902 2064 957 2130 τὸν
977 2061 1092 2154 Ἴστρον
1115 2067 1166 2129 καὶ

208 2204 232 2245 10
248 2175 320 2252 τοὺς
341 2169 539 2265 Σκορδίσκους
559 2175 704 2252 Γαλάτας
726 2180 910 2266 καταβῆναι,
937 2174 990 2242 εἶτ’
1016 2178 1066 2240 ἐπὶ
1087 2177 1165 2240 Τευ-

249 2289 349 2377 ρίστας
378 2288 430 2350 καὶ
456 2286 655 2377 Ταυρίσκυυς,
686 2289 738 2351 καὶ
764 2285 892 2363 τούτους
918 2285 1079 2367 Γαλάτας,
1109 2285 1163 2351 εἶτ’

249 2399 299 2463 ἐπὶ
318 2397 531 2486 Ἑλυηττίους,
560 2395 762 2486 πολυχρύσους
792 2399 846 2487 μὲν
876 2391 982 2487 άνὸρας
1005 2398 1166 2486 εἰρηναίους

249 2502 297 2573 ὁέ·
322 2508 453 2598 ὁρῶντας
475 2501 509 2574 ὁὲ
529 2506 584 2573 τὸν
606 2509 642 2573 ἐκ
663 2516 725 2572 τῶν
739 2509 907 2603 ληστηρίων
921 2514 1055 2574 πλοῦτον
1078 2507 1165 2598 ὑπερ-

249 2618 405 2704 βάλλοντα
433 2626 490 2684 τοῢ
517 2618 590 2708 παρ’
623 2623 742 2696 ἑαυτοῖς
763 2619 834 2695 τοὺς
853 2617 1053 2709 Ἑλυηττίους
1074 2623 1165 2708 ἐπαρ-

209 2753 233 2794 15
250 2737 356 2820 θῆναι,
386 2729 521 2819 μάλιστα
549 2722 581 2793 δ’
613 2729 715 2794 αὐτῶν
737 2730 910 2819 Τιγυρίνους
937 2753 974 2794 τε
1003 2731 1054 2794 καί
1076 2730 1165 2794 Τωυ-

318 2964 358 3016 28.
378 2953 565 3031 ἀφιππάσασθαι
581 2961 622 3013 Βί.
726 2964 766 3015 30.
785 2957 907 3031 ὁρωμένην
924 2962 1000 3028 libri,
1018 2975 1080 3012 corr
1100 2960 1167 3030 Pyr·

250 3058 378 3109 whiuius.
413 3079 416 3085 ·
481 3057 522 3108 34.
539 3053 562 3108 εί
580 3069 622 3107 om
637 3056 663 3108 C.

320 3153 343 3215 2,
363 3153 386 3202 1.
406 3145 437 3216 δὴ
455 3148 563 3200 addidit
580 3139 684 3214 Corae's,
702 3147 858 3202 Meinekius.
936 3151 959 3202 4.
978 3144 992 3200 ὁ
1010 3147 1166 3214 Mandant,

249 3241 357 3311 ήίίῠτί.
445 3245 468 3295 5.
486 3241 585 3308 κληθείς
604 3242 675 3306 libri,
694 3258 756 3294 corr
774 3241 955 3296 casaubonus.
1041 3246 1064 3295 7.
1082 3240 1167 3302 Βοίους

252 3343 279 3389 et
288 3353 353 3389 moae
364 3335 444 3391 Βοίων
455 3353 509 3402 pro
521 3330 613 3402 Βοίους,
629 3329 709 3399 Βοίων
724 3335 881 3388 Μοίπείιίκε.
969 3339 1008 3390 10.
1027 3335 1167 3405 κσρδίσκους

250 3431 278 3485 G.
346 3430 479 3500 Ταυρίστας
492 3446 519 3497 p.
538 3432 599 3483 29&
700 3433 737 3484 15.
756 3423 891 3498 τιγυρήνους
907 3429 979 3486 libri.
1050 3424 1114 3482 κατὰ
1130 3424 1171 3484 τὸν

249 3521 309 3594 πρὸς
322 3518 471 3594 ”Αμβρωνας
485 3524 527 3576 καί
543 3521 688 3592 Τωυγενοὺς
703 3517 813 3593 πόλεμον
828 3539 855 3590 p.
876 3525 932 3577 183.
