2552 4172
204 211 263 288 108
307 229 315 236 ·
483 232 501 273 ε
524 230 650 273 ιιινιυσιι
672 228 838 274 ετιιτιιοιυι

159 415 185 458 ιο
201 394 243 486 μὴ
264 392 345 460 πάνυ
366 388 572 482 φροντίζοντες
594 391 743 470 σκούλκας
765 396 818 460 καὶ
833 401 889 483 τῆς
903 399 1009 481 λοιπῆς
1024 391 1122 480 ἀσφα-

200 507 290 581 λείας.
335 498 514 570 διαλύονται
542 497 576 569 δὲ
603 502 735 580 εὐκόλως
762 507 815 569 καὶ
836 502 894 569 ὑπὸ
916 511 1012 594 φυγῆς
1033 508 1123 593 ἐσχη-

202 617 385 706 ματισμένης
415 617 466 680 καὶ
495 611 580 702 άφνω
609 613 678 678 κατ’
711 613 816 678 αὐτῶν
845 613 1122 704 άντιστρεφομίνης,

201 725 348 802 πολλάκις
369 719 403 790 δὲ
424 727 477 790 καὶ
499 727 668 815 νυκτεριναὶ
690 718 793 813 ἔφοδοι
814 722 1025 803 ἱπποτοξοτῶν
1048 723 1122 808 βλά-

201 834 482 918 πτουσιναύτούς,
515 829 610 924 χύδην
638 834 741 900 αὐτῶν
771 833 1017 924 άπληκευύντων.
1069 833 1123 924 χρὴ

160 969 186 1012 45
202 950 303 1015 τοίνυν
330 946 387 1036 πρό
415 971 452 1036 γε
481 944 626 1011 ἁπάντων
648 949 680 1010 ἐν
702 957 770 1022 ταῖς
792 945 861 1011 κατ’
887 945 991 1010 αὐτῶν
1014 945 1124 1035 μάχαις

202 1056 391 1148 άμβιτρεύειν
413 1065 453 1132 εἰς
474 1050 618 1146 δημοσίας
639 1053 837 1146 παρατάξεις,
861 1057 913 1121 καὶ
934 1054 1073 1144 μάλιστα
1094 1059 1124 1121 ἐν

202 1180 265 1245 τοῖς
290 1168 469 1258 προοιμίοις,
500 1164 567 1231 ἀλλ’
600 1165 758 1242 εὐτάκτως
787 1160 954 1256 ἐφεδρεύειν
976 1168 1029 1231 καὶ
1053 1172 1123 1232 κλο·

202 1290 271 1354 παῖς
299 1276 367 1343 κατ’
393 1276 497 1341 αὐτῶν
527 1283 696 1366 κεχρῆσθαι
725 1283 844 1365 μᾶλλον
871 1278 925 1341 καὶ
955 1277 1125 1366 σοφίσμασι,

203 1391 256 1454 καὶ
277 1388 496 1477 ὑπερτίθεσθαι
518 1389 570 1452 καὶ
592 1380 741 1476 διασύρειν
762 1385 817 1453 τὸν
839 1386 941 1477 καιρὸν
961 1389 1015 1452 καὶ
1030 1386 1126 1475 ἀσύμ-

162 1518 187 1560 ιο
205 1521 290 1589 φωνα
313 1492 556 1587 σχηματίζεσθαι
577 1495 648 1585 πρὸς
670 1496 791 1579 αὐτούς,
813 1501 862 1562 ἵνα
882 1493 903 1587 ἦ
925 1505 966 1591 τῇ
988 1505 1053 1563 τῶν
1073 1492 1126 1563 δα-

204 1606 392 1698 πανημάτων
414 1607 510 1695 λείψει
529 1603 550 1697 ἦ
572 1610 625 1671 καὶ
646 1615 687 1702 τῇ
709 1616 766 1674 τοῦ
788 1606 941 1684 καύσωνος
962 1604 1057 1698 ἢτοῦ
1071 1607 1127 1696 ψύ-

205 1746 275 1808 χους
308 1717 431 1808 ὀχλήσει
461 1716 500 1784 τὸ
533 1715 645 1807 θράσος
679 1716 782 1784 αὐτῶν
815 1721 868 1783 καὶ
899 1716 938 1784 τὸ
971 1717 1127 1808 πρόθυμον

205 1834 381 1920 ἐλαττωθῇ.
405 1822 536 1894 δυνατὸν
558 1820 592 1892 δὲ
613 1829 679 1892 ἐστὶ
696 1836 792 1894 τοῦτο
805 1830 949 1917 γενέσθαι
963 1831 995 1894 ἐν
1011 1827 1126 1918 ὀχυρω-

204 1942 300 2030 τέροις
327 1942 380 2005 καὶ
400 1933 562 2024 δυσβάτοις
582 1937 688 2015 τύποις
710 1937 934 2027 άπληκεύσντος
955 1947 1013 2005 τοῦ
1035 1965 1126 2028 στρα-

164 2069 189 2110 εο
205 2059 278 2131 τοῦ,
312 2057 389 2115 ἔνθα
421 2048 460 2126 ὡς
488 2046 635 2115 κοντάτοι
661 2047 745 2114 κατά
774 2057 830 2115 τοῦ
858 2048 957 2115 τόπου
985 2054 1127 2138 ἐγχειρεῖν

205 2153 381 2249 ἐπιτηδείως
404 2159 439 2225 ού
461 2153 608 2225 δύνανται
629 2168 657 2225 οἱ
678 2162 792 2249 ἐχθροί.
832 2166 859 2224 εἰ
879 2157 980 2248 καιρὸς
1001 2161 1128 2250 γένηται

275 2316 315 2367 40.
335 2311 364 2365 οὖ
381 2307 509 2384 γάρπάνυ
526 2314 677 2382 φροντίζουσι
694 2312 781 2382 βίγλας
795 2310 812 2382 ἦ
826 2315 869 2380 τῆς
935 2315 1046 2368 41—42.
1060 2313 1083 2365 L
1095 2316 1127 2368 95

206 2397 248 2453 ἐὰν
272 2400 299 2453 δι’
313 2417 374 2459 τινες
390 2398 431 2452 καὶ
447 2399 635 2469 σχηματίζονται
658 2391 750 2467 φυγήν,
777 2393 884 2458 εὐκόλως
906 2392 1062 2463 διαλύονται,
1088 2396 1128 2450 καί

207 2483 227 2537 εἰ
253 2482 322 2554 ἄφνω
349 2480 402 2536 κατ’
431 2479 512 2537 αὐτῶν
538 2480 738 2552 ἀναστρέψωσιν,
765 2475 873 2542 ιῦκύλως
899 2479 987 2542 αύτούς
1010 2478 1127 2550 ’διαφθεί-

207 2588 275 2639 ρωσι.
384 2571 426 2624 43.
446 2569 467 2620 L
486 2571 518 2623 96
536 2563 669 2629 ἐπελεύσεις
684 2562 731 2620 ὑπὸ
749 2565 857 2629 τοξοτῶν
967 2556 1010 2620 44.
1029 2563 1126 2628 αὐτούς·

207 2654 374 2724 διεσπαρμένοι
396 2651 444 2723 γὰρ
469 2648 645 2706 ἁπλικεύουσιν.
773 2655 884 2708 44-53.
906 2653 980 2707 1⁴97
1004 2650 1025 2706 εἰ
1047 2653 1075 2705 δέ
1095 2671 1128 2713 τις

207 2734 287 2799 αύτόΐς
312 2733 449 2808 ἐβουλεύθη
475 2737 535 2790 ποτὲ
559 2738 708 2807 προσβαλεῖν
734 2732 812 2797 οὕτως
841 2736 984 2807 εἰθισμένοις
1007 2737 1050 2789 καὶ
1076 2739 1128 2790 δια·

205 2823 330 2893 κειμένοις,
357 2820 402 2876 σύκ
428 2822 516 2896 ἔχρητο
542 2819 595 2876 κατ’
620 2819 702 2875 αὐτῶν
723 2821 747 2875 ἐν
769 2817 836 2892 μάχῃ
860 2822 966 2892 δημοσίᾳ
989 2816 1128 2891 παρατάξει,

207 2910 247 2961 καί
271 2903 377 2980 μάλιστα
399 2907 426 2960 ἐκ
448 2909 594 2979 προοιμίων·
623 2903 678 2960 ἀλλ’
704 2902 825 2967 εὐτάκτως
846 2903 876 2960 δι’
895 2901 1072 2978 ἐγκρυμμάτων
1089 2909 1129 2960 καί

206 2993 299 3061 κλοπῆς
320 2989 373 3045 κατ’
394 2989 475 3046 αὖτῶν
491 2993 643 3064 προσέβαλεν
660 2993 701 3045 καί
719 2988 760 3045 διὰ
776 2986 933 3062 σοφισμάτων
951 2987 1037 3045 ἄλλων
1055 3011 1128 3061 στρα·

205 3081 324 3146 τηγυιῶν,
350 3075 425 3146 ι’,διὰ
443 3076 596 3148 ὑπερθέσεως
612 3078 654 3144 τῆς
671 3071 764 3147 μάχης,
791 3070 913 3145 διασύρων
929 3071 973 3130 τὸν
990 3071 1087 3147 καιρύν,
1112 3074 1129 3143 ἦ

206 3164 249 3216 καλ
270 3160 391 3235 σύμφωνα
413 3158 505 3234 εἰρήνης
526 3157 731 3233 σχηματιζόμενος
746 3160 807 3230 πρὸς
825 3156 925 3228 αύτούς,
947 3161 989 3214 ίνα
1007 3191 1039 3200 -
1058 3159 1129 3213 ἔλατ·

207 3243 283 3318 τείσῃ.
396 3252 505 3304 53-56.
523 3249 546 3300 L
564 3250 597 3302 98
613 3243 628 3314 ἡ
649 3246 676 3298 δὲ
693 3243 819 3316 ίπὲρθεσις
834 3247 875 3298 καί
891 3241 923 3299 τά
940 3243 1006 3299 ἄλλα
1024 3239 1129 3316 μάλιστα

208 3328 309 3385 ἐδύνατο
334 3329 394 3403 πρὸς
420 3323 506 3395 αὐτούς
530 3332 646 3401 γενέσθαι
671 3326 740 3396 τότε,
767 3327 826 3384 ὅταν
853 3329 884 3391 είς
905 3328 1067 3400 ὅχυρωτίρους
1089 3330 1129 3382 καί

208 3413 342 3487 δυσβάτους
358 3414 447 3479 τύπους
461 3415 589 3484 ἦπλίκευεν
607 3414 620 3468 ὁ
637 3415 752 3485 πολέμιος
767 3413 864 3468 ἐκείνων
882 3410 997 3485 στρατός,
1015 3413 1079 3469 ἔνθα
1096 3411 1128 3476 ιύς

210 3501 303 3571 ἔχοντες
319 3497 433 3572 κοντάρια
451 3500 515 3554 κατὰ
531 3532 556 3540 -
569 3497 685 3570 ἠδύνατο.
