2560 4186
332 287 510 334 erouremr
530 289 626 334 nnmn
647 289 732 333 nrnno
755 283 797 334 nr.
979 273 1018 338 81

98 459 245 521 incolunt
260 459 356 522 omnis
371 460 489 522 Comata
505 459 605 522 Gallia.
642 460 822 542 populorum
836 458 893 521 tria
908 477 1022 522 summa

98 570 226 632 nomina
250 580 320 633 sunt
339 571 597 652 terminanturque
610 571 705 634 fluviis
719 571 900 651 ingentibus.
936 589 1021 636 nam·

98 699 157 760 que
179 699 198 742 a
216 681 371 762 Pyrenaeo
393 683 429 744 ad
445 682 624 744 Garumnam
639 682 788 762 Aquitani,
810 681 847 744 ab
865 701 900 744 eo
915 682 951 744 ad
968 683 1021 744 Se·

96 810 233 872 quanam
256 793 369 869 Celtae,
403 792 472 854 inde
499 795 534 854 ad
564 793 701 854 Rhenum
729 794 883 874 pertinent
903 793 1051 873 Belgaes

95 903 322 983 aquitanorum
344 903 495 966 clarissimi
517 913 589 966 sunt
610 902 708 980 busci,
731 904 879 966 Celtarum
898 903 1020 981 Haedui,

95 1013 262 1094 Belgarum
284 1015 421 1090 Treveri,
449 1015 599 1096 urbesque
626 1016 866 1097 opulentissimae
893 1016 925 1077 in
947 1016 1021 1077 Tre·

94 1125 173 1188 reris
197 1128 348 1206 Augusta,
370 1126 401 1188 in
424 1126 552 1190 Haeduis
574 1126 835 1208 Augustodunum,
863 1127 894 1188 in
916 1127 1021 1190 dussis
1053 1167 1058 1172 -

95 1235 325 1300 Eliumberrum
348 1282 355 1299 .
379 1283 388 1298 .
411 1281 418 1298 .
440 1237 564 1300 Rhenus
582 1237 706 1319 Alpibus
727 1239 866 1301 decidens
887 1257 982 1322 prope
1003 1251 1062 1300 all

96 1349 196 1428 eapite
221 1349 296 1410 duos
317 1349 398 1410 lacus
420 1349 520 1423 efficit,
542 1349 689 1412 Venetum
711 1358 740 1412 et
754 1351 914 1412 Acronum.
950 1369 1020 1414 mox

95 1459 147 1522 diu
170 1460 288 1522 solidus
309 1467 340 1521 et
360 1467 442 1522 certo
465 1461 546 1522 alveo
567 1461 667 1542 lapsus
688 1462 765 1523 baud
788 1463 892 1542 procul
914 1463 1019 1525 amari

96 1569 156 1633 hue
181 1581 214 1634 et
229 1571 299 1632 illue
313 1569 501 1652 dispergitur,
524 1571 576 1635 sed
591 1573 627 1634 ad
642 1572 790 1636 sinistram
806 1573 901 1635 amnis
916 1575 1018 1636 etiam·

96 1699 171 1743 num
208 1690 240 1743 et
271 1683 367 1744 donee
400 1683 500 1745 ellluat
527 1683 663 1761 Rhenus,
697 1683 733 1750 ad
764 1685 895 1746 dextram
923 1685 1050 1766 primos

98 1802 247 1872 angustus
269 1800 299 1854 et
320 1793 366 1857 sui
388 1794 506 1872 similis,
535 1803 604 1876 pest
632 1795 705 1876 ripis
726 1795 815 1876 lenge
836 1813 871 1856 ae
892 1795 949 1858 late
971 1813 1019 1858 re·

98 1905 277 1968 cedentibus
310 1907 365 1968 iam
400 1925 463 1968 nen
497 1906 591 1969 amnis
618 1907 670 1970 sed
698 1906 805 1986 ingens
836 1905 934 1981 lae-us,
966 1906 1018 1970 ubi

100 2032 224 2098 campos
260 2017 405 2097 implevit,
446 2017 535 2080 Flere
571 2017 695 2094 dieitur,
737 2017 926 2097 eiusdemque
963 2037 1018 2080 ne·

98 2125 188 2191 minis
219 2127 345 2190 insulam
372 2119 523 2209 amplexus
550 2130 583 2190 fit
608 2127 717 2190 iterum
738 2128 830 2190 artior
850 2129 1043 2210 iterumque·

98 2235 208 2301 lluvi11s
228 2238 381 2302 emittitur.
1009 2285 1011 2290 -
1035 2265 1060 2307 re

160 2349 320 2412 Germania
353 2349 423 2414 hine
455 2350 527 2432 ripis
560 2351 624 2414 eius
659 2368 754 2432 usque
789 2351 827 2413 ed
858 2352 961 2434 Alpes,
998 2357 1061 2415 a&
1078 2369 1104 2413 ss

98 2460 221 2524 meridie
243 2460 314 2541 ipsis
336 2460 473 2542 Alpibus,
496 2461 533 2524 ab
556 2463 671 2525 oriente
693 2463 920 2526 Sarmaticarum
942 2483 1017 2525 enn-

99 2571 169 2635 finin
201 2571 351 2652 gentium,
381 2591 439 2653 qua
468 2574 703 2656 septentrionem
733 2581 846 2655 spectat
868 2574 1015 2636 Oceanieo

99 2679 185 2746 litore
214 2682 342 2745 obducta
371 2691 424 2746 est.
469 2685 520 2766 qui
549 2684 683 2748 habitant
703 2686 838 2748 inmanes
858 2692 929 2747 sunt
950 2685 1014 2747 ani·
1032 2695 1058 2736 2⁶

99 2794 153 2858 mis
182 2803 272 2876 atque
300 2795 479 2878 corporibus
505 2804 535 2858 et
563 2797 599 2858 ad
627 2795 744 2860 insitam
772 2795 917 2859 feritatem
937 2805 1017 2858 vaste
1049 2799 1053 2828 ³

10 2885 11 2892 ἵ
99 2911 224 2986 utraque
247 2914 404 2983 exerrent,
437 2907 574 2971 bellando
603 2908 733 2983 animes,
767 2925 893 2990 corpora
916 2925 1016 2970 assue-

100 3017 201 3079 tudine
230 3017 381 3096 laborum,
410 3020 535 3084 maxime
562 3019 691 3100 frigoris.
741 3020 814 3082 nudi
843 3029 936 3101 agunt
961 3038 1015 3081 an-

100 3132 217 3210 tequam
242 3129 373 3211 puberes
404 3131 477 3208 sint,
512 3138 542 3194 et
563 3131 734 3213 longissima
755 3130 834 3212 apud
862 3150 913 3194 eos
938 3147 1042 3211 pue-s

154 3333 210 3398 -20,
228 3336 251 3387 l.
270 3333 358 3386 treviri
375 3349 470 3400 margo
483 3334 517 3388 A.
622 3335 645 3388 8.
662 3333 867 3402 augustodunum
880 3332 914 3387 A.

101 3416 142 3471 ne.
160 3421 200 3486 rr,
219 3423 243 3473 1.
262 3419 360 3472 eneas·
376 3420 428 3474 ne.
445 3423 471 3488 4,
491 3423 513 3486 1,
531 3423 556 3474 e.
576 3421 615 3474 te.
634 3421 658 3487 e,
676 3422 717 3486 21,
730 3421 804 3473 s-s.
873 3420 915 3483 aa,
933 3421 957 3472 a.
974 3421 1014 3472 as·-

102 3502 242 3557 snetndinis
260 3509 288 3558 et
305 3505 413 3559 aliorum
428 3521 465 3574 pr
476 3505 510 3571 A,
528 3520 591 3557 corr·
608 3506 641 3556 ab
660 3505 745 3557 altera
762 3517 853 3557 manu.
897 3509 1013 3556 assuetu-

103 3584 185 3644 dinem
201 3589 245 3642 asl
261 3589 331 3644 -dine
348 3591 481 3656 malorum,
499 3588 698 3644 eonsuetudines
715 3590 849 3644 laborum?
867 3589 925 3643 alit.
969 3633 976 3644 ,,

150 3692 268 3737 Germanis
279 3692 376 3744 anthrs.
847 3679 863 3729 6
