2552 4172
242 241 302 304 144
549 253 640 297 rvnrvs
661 250 843 296 corrrotmvs

239 432 301 486 tum
345 421 568 504 diligentissime
604 419 733 482 restituit
769 426 799 480 ct
837 436 955 494 servos,
1000 436 1091 498 quem
1133 418 1177 480 ad

239 536 360 598 modum
395 534 474 595 bello
514 532 628 595 Punico
664 531 774 592 lactum
809 530 920 606 fuerat,
957 530 992 592 ad
1028 529 1176 592 militiam

239 646 360 728 paravit.
411 663 487 725 quos
514 642 697 706 voluntarios
724 641 861 722 exemplo
890 641 1031 702 volonum
1058 643 1176 722 appel-

210 757 317 818 slarit.
361 755 483 818 armarit
511 755 599 816 ctiam
629 753 813 834 gladiatores.
856 771 933 832 quos
962 751 1177 832 obsequentes

240 867 405 949 appellarit.
456 865 588 927 latrones
619 865 706 926 etiam
740 863 899 926 Dalmatiae
933 871 1021 943 atque
1050 863 1175 926 Darda-

240 979 306 1040 niae
338 978 445 1040 milites
476 976 555 1038 ieoit.
604 975 725 1036 armavit
757 984 787 1037 et
815 973 985 1036 Diocmitas.
1035 974 1108 1036 emit
1138 983 1174 1036 et

240 1089 456 1150 Germanorum
484 1087 590 1148 auxilia
619 1093 723 1147 contra
746 1085 919 1148 Germanos.
965 1084 1046 1148 omni
1076 1101 1171 1165 prae-

239 1208 319 1262 terea
348 1197 497 1276 diligentia
527 1197 641 1276 pararit
668 1196 801 1276 legiones
829 1195 865 1257 ad
894 1195 1105 1258 Germanicum
1137 1205 1171 1258 et

198 1323 223 1365 ro
240 1307 511 1371 Marcomannicum
539 1307 659 1369 bellum.
704 1314 733 1368 et
761 1325 798 1368 nc
827 1305 1057 1387 provincialibus
1086 1315 1171 1370 esset

238 1419 397 1494 molestus,
434 1419 603 1480 auctionem
639 1434 739 1479 rerum
777 1417 937 1480 aulicarum
970 1426 1004 1480 ut
1035 1417 1169 1481 diximus

239 1530 309 1592 lecit
342 1530 372 1592 in
408 1530 473 1590 loro
508 1529 566 1591 divi
601 1528 735 1605 Traiani,
770 1528 801 1589 in
832 1546 891 1607 qua
919 1536 1039 1608 practer
1066 1537 1169 1592 vestes

240 1649 269 1702 ct
301 1640 407 1721 pocula
442 1648 472 1702 et
498 1657 564 1702 vasa
596 1657 685 1701 aurea
718 1638 804 1701 etiam
835 1639 919 1718 signa
954 1656 1022 1700 cum
1054 1639 1168 1703 tabulis

239 1768 416 1831 magnorum
438 1751 584 1813 artificum
605 1749 747 1812 vendidit.
793 1748 1020 1812 Marcomannos
1041 1750 1074 1811 in
1097 1751 1166 1830 ipso

198 1877 222 1918 rs
239 1862 367 1924 transitu
401 1860 526 1923 Danuvii
558 1861 664 1923 delerit
696 1869 726 1923 et
757 1859 895 1941 praedam
929 1859 1166 1940 provincialibus

240 1972 375 2035 reddidit.

187 2085 225 2142 22
304 2091 408 2162 gentes
441 2101 545 2144 omnes
577 2082 613 2143 ab
641 2080 749 2162 lllyrici
780 2080 874 2143 limite
901 2099 997 2160 usque
1031 2081 1062 2143 in
1093 2081 1164 2144 Gal-

238 2193 307 2253 liam
340 2193 598 2272 conspiraverant,
631 2201 663 2255 ut
691 2191 894 2254 Marcomanni
923 2191 1055 2254 Varistae
1085 2193 1163 2256 Her·

238 2302 380 2363 munduri
412 2311 443 2364 et
475 2302 587 2380 Quadi,
627 2301 718 2366 Suebi
754 2304 904 2366 Sarmatae
936 2301 1100 2384 Lacringes
1133 2313 1164 2367 et
1268 2289 1269 2296 ἵ

238 2411 324 2489 Buri,
356 2411 386 2474 hi
419 2413 526 2494 aliique
555 2432 623 2475 cum
654 2413 808 2489 Victualis,
842 2413 894 2476 Osi
922 2412 1004 2476 Bessi
1031 2414 1164 2478 Saboces

208 2523 381 2585 tlloxalani
410 2524 569 2586 Basternae
597 2525 682 2586 Alani
710 2523 833 2586 Peucini
860 2523 1026 2588 Costoboci.
1072 2527 1161 2588 inmi-

239 2634 329 2696 nebat
355 2643 386 2696 et
407 2634 577 2697 Parthicum
603 2634 713 2697 bellum
741 2643 771 2696 et
792 2634 1006 2697 Britannicum.
1050 2654 1161 2717 magno

238 2743 328 2823 igitur
349 2743 450 2807 labore
473 2746 561 2807 etiam
584 2763 638 2808 suo
666 2753 770 2826 gentes
793 2746 970 2826 asperrimas
991 2745 1074 2823 vicit,
1103 2749 1161 2810 mi·

236 2854 338 2918 litibus
370 2873 435 2918 sese
467 2856 667 2932 imitantibus,
706 2855 885 2919 ducentibus
923 2858 1011 2918 etiam
1045 2860 1161 2921 exerci-

236 2972 300 3026 tum
333 2965 437 3045 legatis
469 2973 499 3027 et
531 2968 687 3048 praelectis
714 2966 874 3049 praetorio.
925 2967 1099 3047 accepitque
1129 2969 1158 3030 in

307 3160 348 3224 tt,
368 3161 408 3212 11.
426 3158 544 3212 auctione

307 3253 353 3317 22,
371 3252 395 3302 3.
414 3251 487 3320 sueni
608 3253 632 3304 4.
650 3250 722 3305 bnrei
757 3251 784 3304 hi
808 3251 904 3321 aliique
928 3251 1107 3305 Momaueaus
1130 3257 1159 3306 iu

238 3341 398 3412 Vandalique
415 3346 537 3410 mutauit,
554 3345 616 3396 vide
633 3348 721 3398 tomen
741 3347 852 3399 meae
870 3349 925 3413 tt,
937 3348 997 3400 318.
1042 3347 1160 3402 uietuna·

236 3435 270 3488 lis
287 3436 320 3490 B.
372 3436 472 3489 sosibes
491 3438 623 3492 sicobotes
727 3443 751 3493 5.
770 3439 856 3493 balani
909 3440 1006 3508 pantini
1024 3441 1056 3494 B.

239 3530 262 3580 fi.
281 3527 445 3581 brittanicum
463 3530 494 3583 B.
