2552 4172
263 277 323 337 114
527 291 545 332 e
567 289 653 332 remu
674 288 759 332 urano
782 289 888 332 xxxvu.

261 468 305 524 est
335 460 442 540 pineus
469 459 500 521 in
529 459 639 521 adtritu
669 459 742 521 odor
771 468 800 522 et
826 460 906 540 quod
936 479 1092 524 accensum
1114 467 1174 523 tae·

226 573 313 634 odae
344 573 432 634 modo
461 590 495 633 ac
522 571 627 632 nidore
656 571 768 652 flagrat.
818 571 950 633 adfertur
977 590 994 633 a
1025 571 1174 635 Germanis

258 684 290 745 iu
320 684 505 746 Pannoniam
533 682 658 744 maxime
687 682 885 762 provinciam,
919 690 949 744 et
975 682 1046 746 iude
1072 683 1174 746 Veneti

258 796 401 876 primum,
429 813 504 874 quos
526 794 638 856 Enetos
660 793 764 855 Graeci
784 802 977 871 vocaverunt,
1004 795 1110 856 famam
1131 795 1173 856 rei

259 907 357 968 fecere
385 905 571 988 proximique
594 905 766 967 Pannoniae
795 914 824 967 et
852 911 973 986 agentes
995 905 1074 967 circa
1094 924 1172 967 mare

209 1026 242 1077 44
260 1017 468 1081 Hadriaticum.
527 1015 604 1078 Pado
641 1035 710 1079 vero
752 1017 865 1078 adnexa
901 1015 1000 1079 fabula
1037 1025 1082 1080 est
1115 1016 1173 1078 evi-

260 1130 349 1191 dente
381 1147 481 1205 causa,
520 1127 667 1208 hodieque
700 1127 981 1208 Transpadanorum
1013 1128 1174 1210 agrestibus
1258 1115 1259 1142 ³

259 1239 377 1302 leminis
410 1239 564 1302 monilium
591 1241 655 1302 vice
687 1239 790 1302 sucina
818 1239 1017 1318 gestantibus,
1053 1240 1174 1301 maxime

260 1350 376 1412 decoris
408 1351 514 1429 gratia,
548 1351 599 1413 sed
633 1358 662 1412 ct
694 1350 874 1426 medicinae;
908 1350 1040 1414 creditur
1067 1353 1174 1433 quippe

231 1461 385 1524 atonsillis
422 1461 558 1524 resistere
595 1469 625 1523 et
660 1462 790 1524 faucium
826 1462 907 1539 vitis,
949 1463 1030 1525 vario
1068 1481 1174 1544 genere

260 1591 402 1654 aquarum
438 1573 516 1634 iuxta
549 1572 630 1653 Alpis
663 1573 821 1635 infestante
856 1581 974 1653 guttura
1010 1575 1174 1638 homiuum.

209 1695 242 1745 45
260 1705 295 1747 uc
319 1705 339 1746 u
361 1705 390 1766 p.
412 1686 513 1746 lerea
542 1683 693 1745 Carnunto
721 1684 894 1747 Pannoniae
921 1685 1024 1749 abesse
1051 1686 1122 1750 litus
1149 1687 1176 1748 id

261 1796 435 1858 Germaniae
463 1815 499 1857 ex
521 1813 580 1875 quo
603 1795 751 1858 invehitur
772 1796 980 1877 percognitum
1002 1805 1048 1860 est
1070 1817 1174 1879 nuper.

259 1908 330 1970 vidit
370 1926 462 1988 eques
497 1907 532 1968 R.
573 1905 608 1967 ad
650 1906 680 1966 id
722 1908 954 1987 comparandum
996 1908 1106 1972 missus
1141 1907 1173 1970 ab

259 2008 388 2082 Iuliano¹
402 2027 524 2081 curante
553 2017 758 2096 gladiatorium
785 2036 894 2082 munus
915 2019 1042 2082 Neronis
1064 2021 1174 2101 priuci-

231 2150 243 2190 s
261 2130 317 2211 pis,
340 2130 412 2210 quin
436 2137 465 2191 ct
487 2129 664 2192 commercia
686 2147 720 2190 ea
742 2137 772 2190 et
793 2129 879 2191 litora
900 2131 1076 2211 peragravit,
1099 2140 1176 2193 tanta

260 2241 345 2320 copia
373 2241 485 2302 invecta
513 2249 547 2303 ut
574 2241 648 2302 retia
676 2239 849 2304 coercendis
870 2242 940 2304 feris
961 2242 1085 2323 podium
1107 2261 1174 2323 pro·
1260 2297 1261 2328 ἶ

260 2350 389 2431 tegentia
421 2351 532 2413 sucinis
565 2352 762 2428 nodarentur‚
800 2352 913 2415 harena
944 2372 1013 2415 vero
1048 2360 1077 2416 et
1111 2352 1174 2414 libi·

260 2462 322 2524 tioa
358 2470 496 2542 totusque
536 2463 625 2525 unius
662 2462 719 2524 diei
755 2472 912 2544 apparatus
948 2465 979 2526 iu
1016 2465 1174 2526 variatione

330 2737 353 2786 4.
373 2738 396 2788 5.
415 2732 710 2787 accensum-adfertur
733 2749 776 2786 om
793 2735 823 2788 B.
933 2739 957 2790 5.
981 2734 1128 2788 adfirmatur
1142 2736 1173 2800 ll,

262 2819 404 2874 affirmatur
420 2837 446 2873 a.
550 2821 574 2872 6.
591 2819 750 2888 provinciam
767 2836 810 2872 om
826 2821 855 2874 B.
942 2825 967 2874 7.
985 2823 1090 2874 senatos
1108 2821 1171 2888 greci

260 2908 292 2973 B,
310 2906 395 2974 graeci
413 2905 481 2958 uitus
493 2905 525 2971 L,
543 2905 611 2972 greci
628 2904 728 2960 inactus
741 2909 826 2970 (natos
839 2909 866 2972 a)
878 2925 907 2960 ar.
992 2908 1035 2973 44,
1053 2907 1078 2958 2.
1096 2909 1172 2958 traus-

261 2991 420 3061 padonorum
436 2991 472 3056 B,
497 2989 723 3057 uanspadauorum
738 2989 786 3045 da.
907 2995 932 3045 4.
950 2991 1060 3046 creditur
1081 2991 1171 3060 quippe

263 3077 417 3142 tossillisB,
441 3079 478 3146 ῇι
496 3076 608 3145 (quando
627 3077 653 3142 α)
675 3076 787 3129 tonsillis
810 3077 959 3130 credituro.
1062 3078 1086 3131 6.
1105 3076 1172 3144 alpes

262 3163 305 3228 13²,
323 3163 381 3216 aliis
393 3164 450 3229 Fa,
468 3163 533 3216 alios
547 3162 578 3214 1..
648 3163 690 3224 45,
709 3164 732 3214 2.
751 3165 790 3213 est
806 3162 851 3229 B2,
869 3179 912 3215 cm
925 3179 954 3215 rc.
1019 3164 1042 3214 3.
1061 3160 1173 3229 vivitque

263 3264 343 3318 eques
360 3248 390 3300 R.
404 3249 436 3315 B,
454 3247 549 3301 videte.
566 3250 591 3316 iq.
609 3233 637 3299 li.
652 3247 687 3313 F,
704 3246 769 3300 vidit
787 3249 830 3315 eq.
849 3246 878 3302 R.
896 3266 922 3315 a,
940 3247 1005 3300 vidit
1017 3246 1085 3300 enim
1097 3261 1173 3315 eques

263 3349 382 3387 romanus
400 3334 431 3386 J..
531 3336 554 3387 4.
573 3331 743 3400 gladiatorum
759 3332 832 3386 BLa.
936 3336 960 3388 5.
978 3333 1022 3401 qui
1040 3334 1067 3384 et
1084 3333 1114 3397 B,
1132 3332 1173 3400 qui

263 3433 311 3472 nec
328 3417 378 3470 Im.
412 3434 443 3471 ea
454 3418 486 3483 B,
505 3434 547 3470 om
561 3434 589 3482 a,
608 3417 722 3470 exercuit
736 3416 847 3471 illiciar.
926 3422 950 3472 6.
969 3417 1029 3470 ieris
1047 3415 1172 3485 podiumq.

263 3504 301 3569 B,
319 3502 437 3570 spodium
455 3503 492 3570 L,
510 3503 569 3557 ierit
586 3501 704 3571 spodium
722 3519 746 3556 a.
789 3504 892 3571 egentia
907 3504 939 3557 B.
1042 3504 1065 3554 7.
1083 3499 1171 3554 harena

264 3587 433 3650 Detlelicnur
451 3589 509 3645 coll.
528 3591 570 3658 33,
588 3592 629 3643 90.
647 3591 689 3654 36,
709 3591 765 3654 162,
784 3603 852 3642 arma
871 3588 921 3642 Bac.
972 3586 1071 3640 livitina
1091 3586 1132 3641 11¹.
