2560 4186
241 241 282 302 42
576 255 710 298 contineri
732 256 826 300 riurrr

241 433 274 487 et
309 423 427 503 quidem
464 441 564 498 servo,
601 424 669 503 quio
705 423 819 486 subitos
854 425 982 487 hostium
1020 422 1163 487 incursus

240 533 381 616 prohibet
406 533 561 610 otranno,
592 535 703 597 otiosae
732 553 824 615 porro
847 544 1027 598 armatorum
1054 553 1163 598 monus

229 639 325 707 'facile
360 645 531 708 lasciviunt:
568 646 718 708 enimvero
756 665 855 726 neque
892 646 1023 708 nobilem
1062 665 1165 727 neque

241 758 421 837 ingenuum,
452 776 490 818 ne
517 756 690 819 libertinum
720 757 839 837 quidem
862 757 950 819 urinis
972 775 1163 838 praeponere

199 886 223 928 15
241 868 320 948 regia
344 867 453 929 utilitas
475 876 528 928 est.

189 986 228 1042 45
305 987 387 1040 trans
409 976 537 1039 Suionas
562 977 641 1039 uliud
663 996 759 1054 moro,
789 977 908 1059 pigrum
930 997 965 1040 oe
986 997 1083 1060 prope
1105 979 1161 1040 im·

241 1099 368 1164 motum,
401 1106 461 1168 quo
496 1087 575 1166 cingi
608 1088 747 1168 eludique
777 1097 924 1150 terrerum
958 1089 1061 1152 orbem
1090 1088 1163 1151 hino

241 1201 314 1262 sides
347 1199 428 1280 quod
460 1207 610 1260 extremus
644 1199 776 1261 cadentis
807 1200 864 1260 iarn
900 1199 971 1261 solis
1000 1201 1100 1280 fulgor
1130 1201 1161 1262 in

242 1318 341 1373 ortum
376 1310 480 1372 edurat
511 1310 584 1371 adeo
618 1310 715 1372 clarus
744 1318 779 1371 ut
807 1311 902 1373 sidero
930 1309 1059 1372 hebetet.
1113 1329 1162 1373 so-

212 1439 316 1484 nuum
343 1421 467 1501 insuper
495 1421 673 1501 emergentis
700 1421 794 1484 audiri
821 1421 990 1499 formasque
1013 1439 1162 1500 equorum

241 1541 271 1594 et
292 1532 390 1594 radios
411 1531 514 1612 cepitis
536 1531 627 1611 aspici
649 1531 803 1611 persuasio
830 1531 927 1593 adicit
971 1531 1042 1594 illuc
1065 1551 1161 1612 usque

242 1651 272 1704 et
292 1645 369 1705 ieme
391 1661 458 1704 vere
480 1649 596 1703 tanturn
619 1649 734 1704 nutura.

306 1773 377 1834 ergo
405 1754 463 1816 ium
490 1755 595 1816 dextro
618 1752 737 1814 Suebici
767 1753 857 1815 meris
882 1752 968 1815 litore
990 1753 1161 1818 Aestiorum

242 1874 346 1946 gentes
375 1865 552 1940 adluuntur3
587 1863 694 1943 quibus
729 1863 804 1924 ritus
837 1861 1015 1944 habitusque
1044 1865 1162 1926 Suebo-

201 1992 226 2034 1o
243 1995 328 2053 rum,
363 1977 466 2057 lingon
501 1975 689 2037 Britannicae
724 1973 856 2054 propior.
912 1982 1036 2036 matroni
1073 1976 1162 2038 doum

241 2095 432 2149 venerentur.
485 2085 602 2166 insigne
634 2083 854 2164 superstitionis
883 2085 991 2148 formas
1018 2104 1162 2166 aprorum

242 2205 372 2278 gestant:
405 2197 433 2258 id
466 2215 523 2277 pro
555 2195 645 2257 armis
678 2194 870 2274 omniumque
902 2197 992 2258 tutelo
1021 2216 1162 2260 securum

313 2416 353 2468 11.
373 2393 466 2466 istrum
479 2415 503 2481 p,
581 2415 621 2466 12.
641 2413 740 2466 otiosae
759 2413 1161 2482 0010m2,0uosaro,oouoso

244 2509 270 2576 0,
289 2508 407 2562 otiosae.
479 2508 518 2560 13.
537 2506 681 2558 lasceoiunt
695 2523 733 2573 pr
747 2507 773 2561 θ.

309 2601 358 2672 45,
378 2599 611 2664 istrionum,
633 2601 777 2653 suionest.
829 2601 954 2654 inmotum
968 2602 995 2657 C.
1081 2607 1105 2657 2.
1125 2605 1161 2656 ci·

242 2697 285 2763 gni
300 2697 326 2748 C.
359 2694 489 2763 eluudiq3
508 2693 549 2747 Ge.
653 2697 678 2748 4.
696 2698 781 2747 ortum
792 2695 841 2760 Bt,
867 2699 938 2748 ortus
952 2695 994 2748 Co.
1057 2697 1162 2750 hebetet

241 2791 272 2843 B.
354 2793 377 2843 5.
396 2787 549 2854 emergentis
568 2802 610 2838 om
623 2787 650 2839 0.
696 2787 790 2839 forinas
809 2791 934 2856 (umque)
949 2789 990 2840 Co.
1035 2804 1160 2856 equorum

242 2899 337 2950 margo
352 2883 480 2937 Vaticani
491 2896 541 2933 vnn
553 2882 612 2945 655,
632 2880 740 2932 colorus
752 2885 779 2931 et
792 2881 911 2946 TFaber,
929 2881 1035 2934 deorum
1048 2883 1119 2937 iibri.

241 2976 389 3045 formaeque
407 2975 523 3028 decorem
543 2975 672 3027 Heinsius.
770 2976 794 3028 6.
812 2974 899 3027 adiicit
910 2975 993 3027 Boeo.
1046 2977 1125 3030 ilihue
1138 2993 1161 3031 e.

310 3074 334 3124 8.
352 3085 412 3137 ergo
425 3069 452 3123 0.
512 3067 641 3121 dextrae.
703 3065 805 3121 Seeniei
820 3068 892 3132 Boo,
916 3068 996 3121 seuioi
1008 3071 1036 3134 b,
1060 3071 1161 3138 snpra}

241 3163 339 3217 sueuiei
351 3163 409 3228 130²,
428 3162 526 3216 sueuici
544 3167 571 3213 ot
585 3164 615 3214 in
632 3163 757 3226 near-gine
773 3161 883 3216 suioniei
895 3161 919 3231 β.
971 3161 1058 3216 littore
1069 3164 1113 3216 Co.

241 3257 385 3310 Aestiorum
395 3257 461 3321 BCo,
480 3255 603 3309 ostiorum
613 3257 636 3321 b,
654 3254 706 3308 etiu
718 3271 801 3322 mpru
817 3256 929 3320 :eripuit
945 3259 972 3305 ei
988 3258 1017 3308 in
1034 3261 1161 3322 margine

242 3351 302 3403 eflui
315 3351 339 3421 β.
442 3353 467 3404 9.
484 3349 622 3404 adluuntur
636 3349 662 3414 G,
681 3347 811 3401 olluuotur
824 3366 845 3415 o,
863 3347 1060 3405 abluunturlib.

241 3443 338 3512 hitusq;
359 3444 386 3497 0.
439 3427 582 3496 Suenoruni
594 3441 678 3496 Boeo.
733 3485 735 3490 i
802 3441 1026 3499 tenoemteo,

195 3585 197 3589 ,
244 3540 282 3590 12.
301 3539 422 3604 omnique
441 3538 548 3601 Lipsius
566 3539 592 3584 et
609 3535 694 3586 eodem
713 3533 872 3591 Touieenrr's.
