2552 4172
272 251 313 316 86
496 273 516 314 n
536 267 673 312 rourouu
694 267 790 312 umere
810 269 896 312 urnac
918 269 960 313 ru.

227 449 255 496 or
270 437 393 518 triginta
425 445 497 500 sunt
529 437 678 500 Orchades
714 437 847 519 angustis
879 437 958 499 inter
989 455 1021 500 se
1052 437 1189 500 diductae

270 548 384 630 spatiis,
412 557 526 630 septem
548 549 716 611 Haemodae
741 556 847 612 contra
868 548 1056 611 Germaniam
1078 556 1187 611 rectae.

270 659 301 722 in
334 659 384 721 illo
417 659 486 722 sinu
519 678 608 739 quem
637 659 788 722 Codanum
818 659 944 722 diximus
972 668 1016 722 est
1046 659 1188 722 Scadina-

269 771 329 846 via,
359 789 446 851 quem
475 770 571 832 adhuc
593 770 722 832 Teutoni
750 778 872 846 tenent,
901 779 932 833 et
953 779 986 833 ut
1006 770 1189 833 fecunditate

227 891 253 936 ⁵⁵
270 883 341 945 alias
373 881 413 945 ita
443 881 647 961 magnitudine
676 888 811 944 antestat.
863 899 938 962 quae
967 881 1109 944 Sarmatis
1137 881 1189 942 ad-

269 1011 352 1057 versa
384 1001 470 1069 suut,
504 993 542 1054 ob
576 993 706 1055 alternos
739 1011 876 1055 accessus
907 1010 1104 1073 recessusque
1134 1011 1189 1072 pe-

269 1105 327 1185 lagi
360 1113 390 1168 et
422 1106 500 1185 quod
533 1105 626 1185 spatia
659 1103 725 1184 quis
757 1103 867 1165 distant
894 1104 982 1165 modo
1011 1103 1189 1184 operiuntur

269 1215 358 1279 undis
378 1216 467 1300 modo
491 1216 569 1278 nuda
592 1223 679 1289 sunt,
708 1215 778 1276 alias
800 1213 914 1277 insulae
935 1214 1089 1290 videntur,
1118 1214 1187 1276 alias

229 1341 254 1382 ω
271 1345 332 1389 una
354 1336 383 1389 et
403 1326 563 1389 continens
578 1335 657 1389 terra
673 1369 900 1388 ........
920 1325 951 1387 in
967 1325 1012 1387 his
1027 1343 1094 1388 esse
1110 1325 1188 1387 Oeo-

272 1457 339 1513 nas,
373 1437 424 1519 qui
456 1438 518 1500 ovis
548 1439 644 1500 avium
677 1437 853 1518 palustrium
886 1444 916 1498 et
943 1436 1043 1499 avenis
1071 1444 1187 1499 tentum

270 1549 401 1623 alantur,
429 1565 493 1611 csse
523 1549 638 1628 equinis
658 1546 785 1629 pedibus
807 1547 998 1628 Hippopodas
1019 1555 1049 1610 et
1070 1547 1188 1610 Panna·

270 1661 341 1735 tice,
375 1659 483 1741 quibus
514 1677 639 1739 magnae
667 1677 753 1722 aures
782 1667 812 1720 et
839 1658 875 1720 ad
901 1657 1092 1721 ambiendum
1121 1677 1189 1722 cor·

240 1775 327 1852 ⁵pus
360 1789 448 1834 omne
482 1770 598 1851 patulae
631 1771 719 1832 nudis
750 1769 880 1849 alioquin
914 1787 970 1850 pro
1000 1778 1081 1832 veste
1118 1770 1188 1842 sint,
1267 1797 1268 1812 ¹

270 1891 476 1964 praeterquam
510 1880 591 1962 quod
622 1881 728 1943 fabulis
759 1880 901 1956 traditur,
934 1887 1071 1942 auctores
1100 1881 1188 1942 etiam

271 2013 346 2076 quos
367 1993 451 2073 sequi
474 2011 536 2054 non
559 1991 658 2074 pigeat
678 1991 807 2054 invenio.

228 2113 252 2156 ⁵⁷
333 2106 426 2185 Thyle
462 2104 616 2167 Belcarum
652 2102 730 2166 litori
766 2101 897 2183 adposita
934 2108 993 2177 est,
1035 2099 1122 2164 Grais
1159 2111 1189 2165 et

270 2217 380 2279 nostris
409 2215 554 2278 celebrata
582 2213 771 2277 carminibus.
822 2213 853 2275 in
882 2230 930 2287 ea,
964 2211 1043 2293 quod
1073 2212 1116 2274 ibi
1142 2214 1189 2276 sol

269 2327 358 2407 longe
380 2345 540 2390 occasurus
561 2326 708 2406 exsurgit,
730 2325 835 2387 breves
856 2324 958 2404 utique
979 2332 1086 2386 noctes
1107 2333 1189 2400 sunt,

270 2439 321 2500 scd
354 2455 409 2520 per
440 2438 569 2500 hiemem
593 2437 670 2500 sicut
695 2436 786 2498 aliubi
813 2434 970 2509 obscurae,
1001 2441 1113 2497 aestate
1140 2435 1189 2497 ln-

242 2548 369 2625 acidae,
399 2549 479 2629 quod
506 2568 561 2631 per
589 2547 619 2610 id
646 2557 763 2629 tempus
791 2547 848 2609 iam
876 2565 908 2609 se
935 2545 1021 2609 altius
1048 2546 1188 2623 evehens,

340 2795 381 2859 54,
400 2797 412 2848 1
433 2793 558 2847 deductae
575 2794 600 2845 A
618 2809 677 2845 mem
695 2793 758 2846 aliis
774 2809 829 2845 non
846 2793 935 2855 nullis,
953 2792 1045 2847 ductm
1062 2811 1092 2848 u.

271 2881 295 2931 3.
313 2877 423 2933 diximus
440 2882 483 2944 (3,
502 2883 532 2943 3,
550 2881 580 2932 31
605 2879 705 2946 mugnis
726 2879 863 2948 parvisque
886 2879 977 2932 insulis
998 2879 1131 2946 refertum)
1154 2895 1186 2932 ex

270 2964 303 3015 iis
315 2962 457 3017 eodeuoria
472 2965 498 3016 A
507 2980 566 3016 cum
578 2964 642 3016 aliis
654 2981 709 3016 non
720 2965 810 3030 nullis,
828 2965 920 3029 culis,
938 2969 965 3017 et
976 2964 1043 3030 hinc,
1061 2967 1088 3017 et
1099 2965 1141 3030 iis,
1159 2971 1187 3017 et
1266 2969 1267 2988 l

270 3048 311 3102 his
328 3049 436 3116 reliqui.
470 3050 502 3102 de
520 3049 616 3115 existit,
633 3049 737 3103 excellit
754 3051 938 3116 cogitavimus.
1007 3053 1032 3105 l.
1049 3052 1077 3103 et
1093 3050 1185 3103 utAx.

340 3137 381 3198 55,
399 3138 424 3188 3.
443 3140 507 3202 quot
523 3136 576 3188 Aac.
646 3138 669 3187 5.
688 3138 763 3201 terra,
780 3141 805 3186 et
820 3137 937 3202 epatium
955 3141 1013 3188 octo
1031 3136 1185 3187 litterarum

269 3219 303 3272 A.
377 3220 418 3286 56,
438 3221 460 3273 1.
478 3234 573 3272 oeneus
590 3220 645 3287 Aac,
662 3219 733 3282 conf.
751 3221 788 3273 ad
797 3221 914 3273 Plinium
928 3235 955 3272 rr
968 3223 1009 3275 95.
1084 3225 1108 3275 3.
1126 3237 1185 3274 seu·

270 3304 344 3358 nalos
358 3304 412 3369 Aa,
431 3303 502 3366 conf.
519 3304 557 3356 ad
572 3305 689 3356 Plinium
706 3319 733 3357 rr
750 3309 782 3360 95
802 3312 827 3358 et
846 3305 935 3358 Taciti
953 3305 1039 3358 Germ.
1052 3308 1094 3372 37,
1113 3309 1136 3360 8.

270 3388 369 3441 saunali
396 3388 470 3442 auriti
494 3389 559 3442 adeo
582 3394 612 3442 ut
633 3405 708 3443 omne
732 3406 825 3460 corpus
846 3391 950 3445 auribus
973 3396 1059 3459 tegere
1083 3391 1184 3462 possint

269 3489 365 3539 margo
380 3474 413 3527 A.
482 3477 506 3528 5.
523 3477 640 3542 prouecti
657 3476 711 3542 Au,
728 3491 774 3544 pro
793 3479 865 3530 veste
883 3477 1030 3532 Vadionus.
1103 3481 1127 3530 7.
1144 3477 1184 3530 in·

269 3563 349 3612 uento
366 3558 420 3613 Au.
524 3564 565 3625 57,
584 3565 607 3616 1.
625 3562 757 3630 belgamm
774 3563 829 3630 Aac,
846 3562 917 3625 conf.
934 3567 959 3630 3,
977 3567 1000 3628 5,
1018 3565 1060 3617 36.
