2560 4186
245 215 285 277 34
576 230 710 274 eonnmu
731 230 827 274 raorrr

244 409 303 465 tam
331 399 415 480 longi
444 400 507 462 aori
534 400 629 481 spatio
658 399 751 461 multa
779 399 905 462 invicem
934 401 1050 463 damna.
1099 375 1164 464 non

244 511 375 582 Samnis,
408 530 470 573 non
500 511 610 587 Poeni,
644 530 705 574 non
740 511 899 593 Hispaniae
933 512 1092 590 Galliaeve,
1124 532 1165 576 ne

249 622 347 684 Parthi
381 621 500 702 quidem
522 622 664 704 saepius·
680 623 870 685 admonuere.
901 623 1036 704 'quippe
1068 642 1165 704 regno

202 733 360 796 marsacis
385 733 483 794 aorior
510 741 555 794 est
577 733 792 795 Germanorum
814 721 945 796 libertas.
989 734 1061 812 qnid
1083 734 1164 796 enim

243 844 323 906 aliud
361 844 449 906 nobis
486 861 575 923 quarn
611 845 732 906 eaedem
764 845 860 907 Crassi
896 844 1004 906 amisso
1037 854 1068 907 et
1100 845 1166 925 ipso

243 957 356 1049 Paooro
389 954 466 1016 infra
499 954 668 1016 Ventidium
701 955 833 1018 deiectus
866 955 966 1018 oriens
998 954 1165 1020 obiecerit?

243 1075 273 1128 at
295 1066 434 1128 Germani
457 1064 592 1128 Carbone
621 1073 650 1128 et
673 1065 772 1128 Cassio
801 1075 830 1128 et
858 1067 969 1129 Scauro
991 1066 1113 1128 Aurelio
1135 1075 1166 1128 et

244 1177 368 1240 Servilio
398 1176 545 1257 Caepione
574 1176 736 1256 Gnaeoque
764 1177 860 1239 Mallio
893 1177 966 1242 fusis
993 1177 1039 1239 vel
1071 1179 1166 1258 naplis

199 1303 226 1346 ao
245 1289 379 1368 quinque
410 1288 497 1350 simui
525 1287 689 1351 consularis
717 1288 864 1351 exereitus
885 1288 997 1369 populo
1020 1288 1166 1364 Romano,
1269 1279 1274 1305 ¹

246 1400 357 1460 Varum
383 1399 497 1478 trisque
527 1418 595 1462 eum
624 1418 660 1461 eo
689 1398 822 1479 legiones
848 1399 936 1462 etiam
958 1399 1075 1462 Caesari
1097 1400 1167 1462 abs·
1273 1433 1274 1443 κ

246 1509 393 1587 tulerunt3
432 1528 489 1572 nee
518 1510 642 1589 impune
675 1509 707 1572 C.
738 1509 848 1573 Marius
879 1510 911 1572 in
944 1509 1041 1585 ltalia,
1082 1509 1167 1572 divus

246 1620 339 1684 lulius
366 1621 397 1682 in
420 1621 527 1697 Gallia,
555 1621 671 1684 Drusus
698 1639 733 1682 ao
754 1621 833 1683 Nero
862 1629 892 1682 et
913 1619 1108 1683 Germanicus
1133 1621 1166 1684 in

247 1731 308 1795 suis
331 1751 382 1794 eos
403 1732 523 1794 sedibus
544 1732 746 1813 perculerunt.
778 1751 856 1794 ,mox
879 1733 1015 1812 ingentes
1037 1731 1069 1793 G.
1091 1731 1165 1794 Cae·
1275 1715 1276 1772 1

205 1867 231 1909 aa
248 1843 321 1906 saris
349 1843 447 1906 minae
476 1844 508 1905 in
537 1842 698 1906 ludibrium
719 1861 830 1906 versae.
874 1843 944 1905 inde
972 1842 1081 1917 otium,
1110 1842 1166 1904 do·
1273 1887 1274 1892 η

249 1973 305 2018 noo
327 1956 482 2018 occasione
503 1953 667 2018 discordiae
690 1962 809 2017 nostrae
827 1963 856 2016 et
870 1955 996 2018 oivilinm
1012 1972 1166 2016 armorum
1273 1981 1274 1988 ¹

248 2066 423 2146 expugnatis
454 2066 605 2146 legionum
637 2065 771 2128 hibernis
796 2066 885 2128 etiam
912 2065 1018 2128 Gallias
1045 2065 1166 2128 affecta-

247 2193 332 2253 vere3
375 2195 410 2238 ao
445 2195 548 2239 rursus
583 2176 653 2239 inde
688 2177 766 2258 pulsi
802 2177 945 2258 proximis
980 2175 1167 2258 temporibus

249 2285 421 2368 triumphati
442 2287 535 2366 magis
558 2305 647 2366 quam
668 2288 736 2350 vinti
758 2297 838 2351 sunt.

318 2439 358 2491 12.
376 2439 489 2490 tamena
506 2442 533 2489 ot
546 2453 582 2504 pr
598 2437 672 2504 (tanin)
684 2440 708 2492 1.
797 2441 837 2494 13.
856 2438 945 2492 samnii
958 2437 993 2492 o².
1034 2437 1099 2492 Peni
1113 2438 1166 2493 BG.

300 2518 427 2586 hyspanie
438 2519 464 2572 0.
594 2520 633 2573 16.
652 2523 679 2571 et
696 2519 752 2590 ipse
770 2522 835 2573 libri
851 2535 907 2571 non
924 2520 1002 2588 nulli,
1019 2523 1047 2572 et
1064 2520 1121 2590 ipso
1139 2523 1167 2572 et

248 2599 305 2665 ipse
317 2599 401 2652 111οο.
524 2603 565 2654 11.
582 2605 673 2667 patoro
689 2602 715 2654 0.
751 2600 1014 2654 derectus-obicitur
1027 2600 1054 2654 0.

251 2681 291 2734 18.
309 2679 336 2732 et
352 2679 379 2733 Ι..
398 2679 486 2734 Cassio
502 2680 630 2735 Hicine-ue.
675 2697 751 2736 eauro
764 2698 786 2735 e.
940 2685 981 2736 19.
999 2681 1044 2735 Gn.
1062 2698 1166 2752 quoque

248 2782 383 2850 Hauptim
405 2799 464 2836 eum
485 2784 626 2850 limantio,
655 2783 794 2852 Gnaeoque
817 2784 950 2849 Halmius,
981 2741 1103 2854 1111οεῖ11ὶ
1104 2769 1111 2791 '
1119 2764 1166 2854 qB,

248 2883 334 2939 Marco
359 2884 421 2954 q⁰q5
439 2888 467 2951 1,
493 2886 529 2940 nri
552 2902 657 2954 qnoque
678 2887 721 2938 oei
741 2885 777 2938 mi
795 2862 839 2954 33?
858 2886 888 2950 0,
911 2884 944 2940 M.
964 2903 986 2940 o.
1043 2885 1123 2942 niolio
1135 2890 1167 2954 B,

249 2963 345 3019 Manlio
355 2966 394 3018 10
403 2969 545 3034 Konopeion,
562 2966 704 3034 Maniliae.
756 2967 797 3023 20.
809 2966 898 3034 populi
910 2969 1008 3021 romani
1017 2969 1102 3036 Boeo,
1120 2986 1166 3039 po-

249 3046 311 3113 pulo
329 3063 367 3100 ro·
378 3047 403 3118 β.
523 3050 564 3103 21.
582 3050 680 3118 trisque
693 3049 741 3114 Bo,
759 3052 863 3118 tresque
879 3048 921 3101 00.
973 3048 1089 3116 iegIones
1108 3067 1167 3104 oum

250 3143 282 3181 eo
295 3127 322 3182 0.
382 3128 492 3182 caesaris
505 3137 548 3182 o.··
646 3133 687 3183 14.
709 3129 921 3199 absperoulemnt
932 3131 955 3182 1.
999 3129 1026 3186 0.
1049 3130 1166 3186 Caesaris

249 3206 435 3262 -disoordiae
452 3225 495 3262 om
507 3210 534 3263 0.
637 3213 678 3264 25.
696 3209 812 3277 indeBb,
828 3211 856 3262 in
874 3225 896 3263 o.
949 3209 1035 3263 ocium
1044 3212 1092 3266 Bo.

250 3291 292 3342 aa.
309 3288 432 3357 hybernis
445 3290 498 3345 no.
559 3279 660 3360 aar.
781 3294 822 3346 aa.
841 3307 871 3344 ae
887 3305 976 3344 ansus
993 3289 1052 3344 uae
1070 3293 1141 3360 pun
1164 3309 1171 3346 ι

250 3369 422 3489 proxippi-sffi
452 3387 482 3490 pp
514 3387 602 3426 rursus
631 3371 700 3440 pulei
731 3386 790 3426 narn
823 3373 946 3440 proximis
959 3389 985 3438 o,
1021 3387 1051 3424 ae
1077 3389 1165 3428 rursus

354 3451 367 3480 8
384 3451 412 3481 ΥΘ
427 3450 451 3480 m

250 3489 318 3557 pulsi
336 3489 395 3542 inde
412 3491 579 3559 proximisB,
603 3506 633 3544 ao
651 3475 675 3544 so
694 3491 797 3570 expulsi!
813 3507 901 3546 rursus
923 3492 983 3545 inde
1001 3491 1161 3560 proximiso

319 3571 351 3622 29
369 3569 520 3628 tnumnoc.
