2560 4186
254 238 295 303 68
527 257 545 300 υ
566 256 721 301 εειιωοινιε
741 257 826 300 meno
848 259 895 302 vn.

253 422 365 511 μένους.
403 424 466 486 νυνὶ
488 415 517 486 δ’
543 421 744 513 εὐπορώτερον
768 423 899 508 ὑπέλαβε
919 436 1102 514 στρατηγεῖν
1116 424 1172 490 τὸν

252 536 284 597 έν
298 534 379 623 χερσὶ
393 531 534 622 πόλεμον,
554 541 580 598 εἰ
594 542 656 599 τῶν
671 529 729 612 ἔξω
743 542 800 599 τοῦ
811 532 933 619 Ἀλβιος
948 533 1023 600 καθ’
1041 535 1171 626 ἡσυχίαν

245 641 349 723 ,όντων
371 643 517 732 ἀπέχοιτο
539 648 591 710 καὶ
612 643 653 735 μὴ
676 641 835 735 παροξύνοι
856 644 927 735 πρὸς
941 645 997 736 πὴν
1012 648 1171 712 κοινωνίαν

250 763 305 846 τὴς
321 761 438 845 ἔχθρας.
471 751 601 845 ἡρξαντο
616 749 650 820 δὲ
664 764 721 820 τοῦ
734 757 869 845 πολέμου
884 754 1078 847 Σούγαμβροι
1090 763 1170 847 πλη-

209 887 235 931 ιο
251 869 314 932 σίον
337 873 487 943 οἰκοῦντες
508 874 565 931 τοῦ
579 864 701 956 Ῥήνου,
723 868 855 931 Μέλωνα
876 873 995 955 ἔχοντες
1015 866 1169 957 ἡγεμόνα·

250 977 391 1043 κάκεῖθεν
413 970 471 1067 ἡδὴ
494 971 666 1065 διεδέχοντο
688 973 793 1043 ἄλλοτ’
825 975 913 1043 ἀλλοι
935 972 1170 1056 δυναστεύοντες

250 1092 302 1154 καὶ
323 1087 556 1178 καταλυόμενοι,
579 1086 669 1153 ποίλιν
692 1081 722 1152 δ’
747 1086 954 1176 ἀφιστάμενοι,
976 1082 1169 1176 προδιδόντες

249 1203 302 1265 καὶ
323 1199 366 1264 τά
381 1197 479 1289 όμὴρα
493 1201 546 1264 καὶ
559 1197 616 1274 τὰς
629 1199 752 1276 πίστεις.
785 1197 856 1290 πρός
874 1199 954 1289 οόςὴ
971 1200 1025 1288 μὲν
1040 1198 1169 1266 ἀπιστία

250 1312 329 1400 μέγα
352 1307 466 1399 όρελος,
490 1318 517 1377 οἱ
536 1304 570 1376 δὲ
584 1311 797 1387 πιστευθέντες
810 1309 853 1375 τὰ
867 1311 997 1400 μέγιστα
1012 1311 1168 1394 κατέβλα-

207 1441 232 1484 15
249 1421 323 1509 ψαν,
352 1420 492 1511 καθοίπερ
513 1427 548 1503 {oi
569 1421 741 1511 Χηροῦσκοι
762 1425 814 1487 καὶ
837 1428 863 1488 οἱ
885 1419 1006 1498 τούτοις
1028 1420 1167 1512 ὑπὴκοοι,

247 1531 315 1623 παρ’
342 1530 382 1609 οἷς
401 1533 471 1623 τρία
484 1531 635 1622 τάγματα
647 1533 809 1622 Ῥωμαίων
824 1531 905 1622 μετὰ
918 1540 975 1598 τοῦ
991 1541 1168 1624 στρατηγοῦ

248 1642 373 1733 Οὐοίρου
393 1643 605 1710 Κουιντιλλίου
634 1638 928 1734 παρασπονδηθέντα
956 1642 1100 1711 ἀπώλετο
1133 1639 1168 1722 ἐξ

248 1748 373 1844 ἐνέδρας.
418 1760 521 1820 ἔτισαν
549 1748 583 1820 δὲ
605 1749 689 1831 δίκας
716 1753 847 1831 ἅπαντες
869 1757 921 1820 καὶ
941 1756 1090 1845 παρέσχον
1119 1762 1167 1838 τῷ

248 1867 383 1955 νεωτέρῳ
421 1865 597 1956 Γερμανικῷ
628 1864 846 1956 λαμπρότατον
877 1866 1039 1955 θρίαμβον,
1077 1870 1109 1931 έν
1141 1891 1167 1948 ῳ

205 1975 455 2067 1οέθριαμβεόθὴ
477 1985 539 2042 τῶν
561 1975 809 2065 ἐπιφανεστάτων
832 1970 946 2066 ἀνδρῶν
967 1975 1099 2065 σώματα
1114 1977 1167 2040 καὶ

246 2096 407 2176 γυναικῶν,
430 2085 633 2177 Σεγιριοῢντός
654 2113 690 2154 τε
711 2088 864 2176 Σεγέστου
888 2085 958 2168 υἱός,
980 2085 1167 2176 Χὴροόσκων

246 2197 381 2287 ἡγεμών,
411 2201 462 2262 καὶ
490 2193 606 2288 ἀδελφὴ
635 2198 748 2281 αὐτοῦ,
776 2197 852 2288 γυνὴ
874 2192 904 2262 δ’
927 2197 1085 2288 Ἀρμενίου
1106 2205 1165 2262 τοῦ

245 2307 531 2399 πολεμαρχήσαντος
544 2314 575 2375 ἐν
590 2322 654 2387 τοῖς
665 2307 848 2400 Χὴροόσκοις
862 2313 945 2403 ἐντὴ
959 2306 1030 2399 πρὸς
1040 2306 1165 2398 Οὐᾶρον

144 2443 169 2495 p.
177 2429 227 2480 292
244 2419 455 2486 Κουιντίλλιον
487 2415 728 2512 παρασπονδὴσει
755 2423 806 2486 καὶ
834 2429 885 2484 νῦν
913 2425 960 2485 ἔτι
987 2420 1165 2507 συνέχοντος

88 2511 94 2518 ’
202 2550 227 2591 25
244 2531 299 2598 τὸν
320 2529 462 2622 πόλεμον,
486 2529 580 2622 όνομα
591 2525 780 2614 Θουσνέλδα,
802 2533 854 2597 καὶ
869 2529 929 2607 υἱὸς
943 2529 1062 2622 τριετὴς
1076 2531 1163 2598 Θου-

244 2644 374 2733 μέλικος·
398 2649 446 2708 ἔτι
467 2637 501 2709 δὲ
522 2644 719 2733 Σεσίθαγκος,
742 2641 910 2734 Σεγιμὴρου
932 2641 993 2719 υἱὸς
1014 2650 1077 2707 τῶν
1094 2643 1162 2732 Χὴ-

244 2752 376 2844 ροόσκων
397 2753 551 2844 ἡγεμόνος,
573 2757 626 2821 καὶ
640 2753 714 2845 γυνὴ
729 2753 844 2822 τούτου
857 2754 975 2844 Ῥαμίς
996 2753 1161 2844 Οὐκρομὴ-

311 2956 335 3007 9.
353 2946 486 3023 σοόγαβροι
502 2953 559 3005 ΑΒ.
712 2956 753 3009 10.
771 2951 854 3007 Maelo
872 2955 1011 3020 Augustus
1028 2955 1053 3019 6,
1071 2955 1096 3006 3.

243 3042 284 3090 11.
302 3038 441 3107 διεδέχοντο
461 3038 565 3106 Cernes,
583 3039 672 3107 διεῖχον
689 3038 761 3092 libri.
856 3040 897 3092 24.
916 3038 1069 3108 σεμιγοῦντος
1086 3037 1159 3102 libri,

243 3139 305 3175 eorr
323 3124 504 3177 Ceeeubenne.
574 3126 614 3177 25.
632 3138 728 3174 nomen
744 3128 888 3190 utrumque
906 3128 933 3175 et
948 3123 1043 3175 meinis
1062 3127 1090 3174 et
1105 3123 1160 3187 filii

243 3213 399 3276 een-mptum
417 3215 490 3262 certe
508 3210 693 3261 emendatione
708 3212 804 3260 sanare·
819 3209 894 3261 nulle
911 3208 991 3260 mede
1006 3212 1102 3276 petest.

242 3295 283 3347 26.
301 3293 433 3354 σεοίθακος
450 3295 514 3346 libri
531 3299 557 3346 et
573 3295 709 3346 editiones.
744 3288 882 3363 αἰγιμὴρους
898 3293 953 3360 An,
975 3285 1105 3365 αἰγιμὴρου
1116 3294 1160 3361 Bi,

241 3395 304 3432 eon·
322 3378 474 3433 Kremnne.
582 3382 623 3434 27.
642 3373 803 3450 Οὔαρομὴρου
826 3379 986 3446 Meinein'ne,
1010 3374 1158 3449 οόκρομίρου

241 3464 313 3530 libri,
326 3479 358 3516 ex
368 3465 506 3519 Actumero
518 3465 604 3516 eeden
613 3464 822 3532 Medieeneplni.
835 3466 877 3531 68,
888 3467 903 3518 2
915 3465 1056 3518 annalium
1069 3461 1158 3518 Taciti

148 3587 157 3608 .
241 3551 282 3616 11,
302 3551 341 3612 16,
359 3564 409 3603 avo
426 3549 561 3604 Getumero
580 3553 621 3616 11,
641 3552 681 3606 11.
