2552 4172
349 285 386 327 nr
409 283 500 326 nunno
523 282 756 327 nnncouannrco.
954 269 1014 330 145

97 449 274 512 deditionem
305 451 545 527 Marcomannos,
579 451 714 532 plurimis
746 452 777 513 in
812 450 923 513 ltaliam
955 460 1016 513 tra·
1035 473 1059 516 ro

97 561 197 623 ductis.
221 606 229 622 .
254 607 261 622 .
286 561 372 623 multi
401 559 516 622 nobiles
544 560 623 623 bello
654 561 829 623 Germanico
857 561 917 622 sive
940 560 1016 622 llar-

24 655 25 660 '
96 672 288 748 comannico,
319 673 409 733 immo
431 671 626 752 plurimarum
648 672 798 752 gentium,
826 670 1015 734 interierunt.

96 827 104 842 .
126 828 133 842 .
154 783 331 863 frequenter
360 781 445 843 amici
473 791 631 844 suaserunt
652 792 686 845 ut
708 801 723 843 a
745 781 830 844 bohis
852 781 1017 844 discederet

97 899 124 952 et
144 892 271 954 Romam
300 893 430 968 veniret,
458 893 510 954 sed
538 892 586 954 ibe
615 892 795 973 contempsit
824 910 857 953 ac
879 893 1016 972 perstitit,

98 1020 150 1063 nee
177 1003 264 1083 prius
294 1003 417 1065 recessit
445 1021 532 1082 quam
564 1003 663 1065 omnia
693 1002 767 1065 bella
790 1003 898 1064 finiret.
944 1021 1016 1083 pro·
1035 1017 1059 1060 rs

98 1111 203 1175 rincias
233 1132 271 1175 ex
300 1112 563 1194 proconsularibus
593 1113 764 1176 consulares
790 1121 841 1174 aut
875 1131 910 1173 ex
943 1131 1016 1175 con-

97 1221 241 1287 sularibus
273 1224 501 1306 proconsulares
530 1231 580 1285 aul
609 1223 771 1304 praetorias
793 1240 847 1304 pro
870 1223 940 1284 belli
962 1242 1016 1285 ne·

99 1334 230 1397 cessitate
258 1336 330 1397 lecit
352 1383 360 1400 .
384 1379 392 1396 .
416 1380 423 1395 .
450 1334 509 1395 ulio
539 1333 716 1409 Commodo,
745 1334 888 1397 accersito
917 1335 952 1395 ad
981 1335 1016 1396 li-

98 1442 203 1522 mitem,
226 1453 329 1526 togam
350 1445 465 1506 virilem
486 1443 574 1505 dedit.

101 1596 166 1615 ...
191 1555 301 1619 absens
329 1555 434 1637 populi
457 1554 581 1616 Romani
607 1554 772 1634 voluptates
801 1554 899 1615 curari
925 1555 1014 1616 veho·
1028 1557 1066 1616 28

99 1674 212 1728 menter
240 1666 393 1749 praecepit
422 1684 476 1745 per
497 1665 656 1728 ditissimos
677 1663 814 1726 editores.
857 1663 914 1724 luit
935 1666 1043 1727 enim*

100 1778 205 1856 populo
235 1778 286 1839 hic
314 1795 427 1852 sermo,
460 1794 528 1836 eum
556 1775 724 1837 sustulisset
751 1773 786 1834 ad
814 1773 925 1837 bellum
955 1777 1016 1857 gla-

99 1863 237 1963 biatores,
274 1886 352 1968 quod
381 1885 525 1965 populum
553 1884 676 1946 sublatis
703 1883 902 1964 voluptatibus
930 1886 1016 1947 vellet

100 2011 201 2076 eogere
223 1999 261 2060 ad
283 1996 510 2078 philosophiam.
534 2039 542 2055 .
565 2040 573 2054 .

194 2108 373 2188 aequitatem
407 2114 504 2168 autem
545 2103 632 2192 etiam
666 2104 743 2166 circa
781 2115 881 2186 captos
913 2107 1014 2170 hostes
1029 2106 1067 2164 24

100 2218 260 2281 custodivit.
315 2217 448 2280 infinitos
481 2235 516 2278 ex
549 2215 688 2296 gentibus
718 2216 750 2278 in
784 2216 917 2280 Romano
951 2219 1015 2282 solo

100 2324 258 2391 collocarit
316 2328 428 2390 fulmen
461 2327 497 2388 de
532 2324 612 2388 caelo
646 2326 786 2406 precibus
817 2329 878 2390 suis
912 2338 1016 2392 contra

100 2431 224 2500 hostium
263 2439 533 2499 machinamentum
567 2437 705 2511 extorsit,
737 2438 798 2500 suis
830 2438 928 2517 pluvia
961 2440 1015 2500 im-

100 2552 207 2621 petrata
237 2567 306 2611 eum
336 2548 384 2610 siti
412 2548 591 2610 laborarent.
641 2545 734 2607 voluit
763 2546 1045 2614 Marcomanniams

100 2657 295 2736 provinciam,
325 2658 417 2720 voluit
445 2657 533 2720 etiam
562 2653 735 2718 Sarmatiam
763 2636 876 2733 lacere,
910 2666 939 2720 et
971 2659 1015 2720 f-

101 2762 184 2830 eisset
217 2769 275 2830 nisi
310 2768 428 2830 Avidius
461 2766 577 2830 Cassius
615 2763 786 2827 rebellasset
822 2767 877 2828 sub
911 2768 1017 2829 eodem

101 2871 129 2934 in
162 2881 286 2942 oriente.
310 2923 349 2939 ..
401 2877 504 2939 relicto
538 2894 608 2956 ergo
641 2875 802 2938 Sarmatico
830 2877 1014 2939 blarcoman-
1029 2881 1066 2938 25

102 2982 225 3072 nicoquo
246 2989 325 3051 bello
349 2995 451 3050 contra
476 2985 606 3049 Cassium
627 2986 779 3066 profectus
801 2995 854 3049 est.

103 3135 143 3156 ··
172 3145 179 3160 .
213 3099 280 3162 dein
313 3098 349 3160 ad
382 3096 599 3159 conficiendum
637 3096 746 3158 bellum
783 3115 945 3160 conversus
982 3097 1013 3161 in
1031 3103 1066 3159 27

167 3371 206 3420 10.
223 3382 418 3422 marcomannus
436 3367 467 3434 B,
486 3383 547 3419 corr
565 3367 593 3419 P.
699 3368 740 3426 14.
758 3371 784 3418 el
801 3381 842 3418 om
861 3366 892 3419 B.

165 3458 212 3530 23,
230 3462 254 3513 4.
272 3461 422 3528 voluptatis,
440 3475 502 3512 corr
519 3459 561 3514 Pl.

165 3549 213 3622 24,
231 3555 254 3607 6.
273 3554 422 3607 sarmaciam
441 3555 471 3608 B.
574 3552 624 3622 27»,
643 3555 665 3608 1.
682 3552 777 3606 relecto
795 3554 828 3606 B.

150 3651 265 3700 Germania
278 3655 376 3708 antiqva.
831 3642 861 3692 10
