2560 4186
496 270 651 314 urrunnu.
991 254 1029 316 31

116 440 231 519 imperii
260 440 325 501 latis
354 439 428 501 nihil
455 439 513 500 iam
534 447 685 518 praestare
707 437 839 500 Fortuna
861 439 955 500 maius
978 459 1031 520 pu·

116 558 172 611 lest
195 568 280 629 quam
304 550 432 612 hostium
455 549 640 610 discordiam.

178 660 366 740 Angrivarios
398 669 428 720 et
456 660 616 721 Chamavos
648 676 665 719 a
699 667 782 738 tergo
811 659 971 740 Dulgubnii
1003 662 1083 722 clu

115 769 262 832 Chasuarii
293 770 419 831 cludunt
444 769 575 849 aliaeque
597 777 701 849 genles
724 769 800 830 haud
823 770 947 849 perinde
971 789 1031 832 me·

115 890 259 956 muratae,
287 899 302 941 a
325 881 423 941 freule
446 879 532 942 Frisii
555 879 714 959 excipiunt.
752 880 913 942 maioribus
935 882 1031 943 mine·

114 991 254 1071 ribusque
287 990 389 1052 Frisiis
425 989 601 1051 vocabulum
638 999 685 1051 ese
720 1008 755 1051 ex
791 991 879 1052 modo
916 992 1030 1058 vinum

114 1111 255 1182 utraeque
284 1101 420 1162 nationes
450 1119 543 1180 usque
572 1101 607 1161 ad
638 1099 788 1162 Oceanum
812 1101 917 1163 Rheno
945 1121 1061 1182 prae-e

115 1220 255 1274 texuntur
292 1210 486 1290 ambiuntque
523 1211 685 1272 immensus
727 1211 851 1292 insuper
886 1212 968 1274 lacus
1004 1221 1032 1273 et

114 1320 255 1384 Romanis
300 1321 441 1384 classibus
484 1321 644 1400 navigatus.
702 1321 796 1401 ipsum
831 1322 908 1400 'quin
945 1322 1031 1385 etiam

115 1431 266 1495 Oceanum
288 1432 337 1493 illa
359 1431 579 1512 temptavimus:
611 1441 642 1493 et
662 1449 817 1510 superesse
839 1431 934 1493 adhuc
957 1433 1032 1496 Her·

115 1543 187 1605 culis
219 1543 376 1605 columnas
408 1543 485 1602 lama
516 1542 656 1632 nulgavit,
690 1541 750 1603 sive
783 1542 854 1604 adiit
888 1542 1032 1606 Hercules

29 1675 33 1684 ·
114 1670 164 1713 seu
197 1653 342 1734 quidquid
375 1651 485 1731 ubique
516 1652 707 1732 magnifieum
735 1661 779 1714 esl
806 1653 837 1714 in
868 1652 1029 1716 claritatem
1048 1667 1072 1708 1⁰

22 1775 24 1778 ·
116 1762 176 1826 eius
197 1764 312 1825 referre
335 1763 551 1828 consensimus.
589 1781 646 1824 uec
667 1763 760 1824 deluit
782 1763 919 1825 audentia
935 1764 1030 1826 Oruse

116 1872 305 1936 Germanice:
333 1874 386 1936 sed
415 1872 529 1935 obstitit
551 1872 688 1935 Oceanus
715 1872 745 1933 in
776 1890 807 1934 se
835 1873 1031 1954 simulatque

115 1981 144 2042 iu
160 1983 319 2046 Herculem
341 1983 461 2063 inquiri.
501 2002 570 2045 mox
593 2001 681 2044 nemu
703 1982 864 2062 temptavit,
887 1984 1031 2046 sanetius·

116 2110 170 2172 que
197 2113 232 2156 ac
262 2094 446 2156 reverentius
474 2095 567 2156 visum
597 2095 634 2154 de
660 2092 732 2155 antis
759 2094 881 2156 deorum
910 2068 1031 2157 credere

116 2220 199 2282 quam
222 2205 309 2266 seire.
1050 2212 1073 2254 u

183 2428 223 2478 11.
241 2423 307 2492 impi
325 2422 388 2474 lacis
400 2422 425 2475 0.
461 2422 496 2476 nil
508 2423 562 2498 Ce.¹
656 2425 695 2476 12.
714 2423 840 2476 discordia
852 2425 878 2478 0.

126 2573 131 2582 ,
180 2506 507 2578 34,1.Anguvau0sa‚
534 2508 737 2574 murmuriosi,
764 2507 957 2574 augulariusG,
980 2508 1030 2559 hu·

117 2585 216 2674 §uarios
227 2625 248 2662 c.
304 2608 446 2663 Chamauos
458 2611 511 2674 Bc,
535 2611 673 2663 chamenun
688 2611 716 2671 l,
735 2609 893 2662 chammalos
907 2610 934 2662 C·

116 2742 251 2814 Dulgubnii
271 2746 382 2798 lacubus
401 2745 553 2812 Grimmiua,
572 2693 748 2812 bb'llg‘l'rffiinb
766 2743 921 2812 dulgilubini
935 2747 958 2809 h,
977 2743 1032 2797 dnl-

116 2831 191 2896 gibini
204 2831 238 2884 Ce
256 2835 383 2898 utsupra
402 2831 541 2884 dulcubuni
554 2831 587 2884 οἳ.
704 2833 727 2885 2.
746 2829 878 2883 Chasuarii
897 2830 961 2882 libre·
977 2845 1031 2881 nun

116 2917 189 2983 nulli,
208 2915 337 2969 chasudrli
348 2931 369 2980 c,
388 2916 527 2969 ocensuarii
539 2916 566 2982 C,
585 2914 764 2979 ThasuariiB‚
784 2915 888 2968 lasuarii
900 2916 924 2968 b.

116 3033 219 3088 clueant
234 3034 325 3099 rece,
344 3010 448 3086 cliuum
458 3035 481 3102 a.
603 3037 626 3088 a.
645 3034 718 3086 nasu
730 3034 784 3099 ue,
812 3034 865 3086 mu
881 3048 903 3099 ο,
921 3032 990 3084 lusu
1004 3032 1030 3086 c.

147 3120 280 3187 excipiunt
298 3135 340 3172 om
351 3119 378 3172 0.
465 3121 490 3172 4.
508 3119 586 3174 frisiis
599 3123 626 3184 b,
645 3119 712 3172 lrisis
727 3120 766 3171 Be
784 3124 810 3172 el
826 3123 857 3171 in
875 3117 1031 3186 marginali,

115 3203 197 3272 lriseis
208 3206 234 3259 C.
288 3204 388 3257 uurium
400 3204 426 3257 0.
513 3207 537 3258 6.
556 3204 700 3272 insuper-
711 3204 788 3274 insup
807 3204 932 3257 classibus
943 3201 969 3256 0.

115 3290 136 3342 8.
154 3290 293 3342 timuimus
302 3289 358 3352 Bb,
387 3289 542 3342 tentavimus
554 3288 595 3341 Oc.
716 3292 740 3344 9.
759 3289 875 3356 uulgauit
884 3287 939 3352 BC,
965 3288 1029 3342 voli·

116 3376 220 3439 gerite,
246 3374 396 3442 vulgavith.
502 3377 541 3426 lO.
560 3372 682 3441 quicquid
700 3373 770 3426 libri.
822 3372 1030 3440 magnificumCe

115 3464 138 3512 el
154 3462 183 3511 in
201 3459 319 3528 literali,
337 3474 413 3526 magn
430 3462 460 3511 in
477 3461 600 3524 margine
611 3458 635 3526 β,
653 3472 758 3525 magum
774 3458 804 3514 B.
885 3460 925 3513 13.
943 3461 968 3512 in
987 3475 1029 3512 um

116 3543 139 3598 C.
175 3544 283 3597 lentavit
295 3545 338 3611 lle,
358 3546 449 3596 relevit
459 3546 482 3610 b,
502 3544 639 3611 temptauit
649 3542 674 3596 0.
710 3543 833 3611 sanliusq;
854 3542 895 3598 Cc.
