2552 4172
259 249 300 312 82
479 266 499 310 n
519 264 656 309 sennenn
676 265 772 308 uncus
792 265 878 309 niuno
898 265 943 309 ui.

258 434 325 498 uitia
357 443 411 498 est.
465 434 520 496 viri
550 434 629 514 sagis
659 433 794 496 uelantur
825 442 876 496 aut
907 433 990 496 lihtis
1022 432 1175 510 arborum,
1262 435 1263 450 ³

216 563 241 604 u
259 546 390 626 quamvis
425 563 510 608 saeva
544 546 649 608 hieme.
704 544 795 607 nandi
831 565 893 608 non
929 544 1072 625 patientia
1106 555 1176 608 tau-

258 666 320 720 tum
354 656 426 734 illis,
458 657 588 720 studium
621 656 707 720 etiam
737 665 791 719 est
839 655 922 718 bella·
945 675 1013 718 eum
1041 657 1177 721 finitimis

257 777 382 849 gerunt:
412 786 515 832 causas
543 786 647 830 eorum
669 786 706 829 ex
726 767 848 830 libidine
868 777 1042 843 arcemunt,
1075 787 1177 849 neque
1262 829 1263 840 ,

257 878 438 960 inperitaudi
469 878 694 960 prolatandique
730 896 806 958 quae
835 879 988 960 possident
1022 881 1104 957 (nam
1137 899 1178 941 ue
1262 899 1263 910 ¹

223 990 307 1052 silla
335 990 453 1070 quidem
482 990 569 1052 enixe
597 990 727 1066 colunt),
759 990 811 1052 sed
838 999 872 1051 ut
891 990 971 1052 circa
996 990 1078 1070 ipsos
1100 1008 1178 1070 quac

215 1117 241 1158 as
258 1100 357 1164 iacent
381 1107 461 1163 vasta
488 1101 558 1164 sint.
607 1100 653 1163 ius
679 1100 710 1162 in
738 1099 849 1177 viribus
878 1101 1003 1178 habent,
1037 1101 1112 1162 adeo
1144 1109 1179 1162 ut

258 1231 297 1276 ne
319 1211 465 1274 latrocinii
487 1211 607 1291 quidem
628 1211 751 1293 pudeat,
773 1220 890 1278 tantum
911 1210 1080 1292 hospitibus
1102 1210 1176 1274 boui

258 1323 404 1402 mitesque
432 1323 629 1404 supplicibus,
661 1323 741 1384 victu
769 1323 809 1384 its
836 1323 934 1404 asperi
954 1321 1121 1403 incultique
1144 1330 1178 1384 ut
1262 1371 1263 1378 ,

259 1433 359 1496 cruda>
383 1434 471 1496 etiam
504 1451 593 1498 carue
625 1445 782 1497 vescantur
813 1441 864 1496 aut
888 1433 1001 1496 recenti
1026 1442 1079 1496 aut
1108 1452 1177 1494 cum
1262 1407 1263 1486 d

229 1546 406 1626 erigentem
438 1545 469 1608 in
502 1545 573 1626 ipsis
604 1545 752 1627 pecudum
779 1546 968 1625 ferarumque
995 1544 1087 1606 coriis
1113 1563 1175 1606 ma·

217 1669 243 1712 2⁹
259 1656 348 1720 nibus
390 1656 575 1738 pedibusque
625 1655 789 1738 subigendo
838 1665 1029 1718 renovarunt.
1096 1665 1177 1718 terra

258 1768 323 1850 ipsa
358 1768 458 1832 multis
492 1768 623 1848 inpedita
658 1766 846 1842 fluminibus,
886 1767 986 1830 multis
1022 1767 1177 1830 montibus

258 1899 364 1962 aspera
391 1889 421 1942 et
447 1898 554 1960 magna
581 1897 616 1942 ex
644 1887 728 1960 parte
754 1879 831 1940 silvis
853 1896 887 1941 ac
909 1877 1066 1958 paludibus
1088 1877 1176 1942 invia.

259 1991 400 2073 paludum
427 1991 547 2066 Suesia,
575 1990 663 2052 Metia
688 1998 719 2052 et
738 1988 917 2070 Melsyagum
938 1989 1096 2064 maximae,
1124 1989 1176 2054 sil·

230 2114 362 2164 evanum
390 2101 550 2182 Hercynia3
582 2110 614 2164 et
638 2101 751 2180 aliquot
780 2109 852 2164 suat
879 2118 955 2180 quae
982 2118 1094 2165 nomen
1124 2101 1176 2164 ha-

260 2214 348 2288 bent,
381 2212 433 2274 sed
464 2212 512 2274 illa
545 2212 658 2275 dierum
692 2212 842 2292 sexaginta
874 2212 930 2274 iter
963 2229 1116 2292 occupans
1143 2221 1177 2274 ut

218 2337 244 2380 eo
261 2321 355 2386 maior
380 2322 442 2384 aliis
469 2323 508 2384 ita
529 2331 559 2386 et
581 2322 689 2387 notior.
732 2323 878 2386 montium
900 2323 1033 2388 altissimi
1054 2324 1177 2386 Taunus

236 2419 291 2498 'et
312 2434 428 2510 Retico,
459 2433 517 2498 nisi
545 2452 673 2514 quonum
701 2435 822 2498 uomina
850 2434 897 2496 vix
925 2443 970 2498 est
997 2434 1096 2515 eloqui
1124 2453 1176 2496 oue
1262 2437 1263 2456 ¹

260 2546 405 2609 Romano.
448 2544 579 2608 amnium
594 2545 637 2608 in
664 2544 737 2608 abas
756 2554 861 2626 gentes
882 2545 1052 2608 exeuntium
1074 2545 1175 2606 banu-

261 2656 328 2719 bius
356 2666 386 2718 et
407 2657 581 2734 Rhodanus,
609 2657 641 2720 in
664 2657 801 2719 Rhenum
822 2657 936 2718 Moenis
957 2665 988 2718 et
1008 2655 1116 2736 Lupia,
1142 2656 1174 2718 in

219 2777 244 2818 ³¹
263 2768 415 2830 Oceanum
437 2768 552 2845 emisio,
575 2767 708 2848 Visurgis
729 2775 759 2830 et
780 2767 861 2831 Albis
882 2766 1044 2829 clarissimi.
1084 2785 1177 2848 super

260 2878 358 2941 Albim
385 2879 521 2942 Codanus
553 2880 659 2960 iugens
691 2878 774 2941 sinus
802 2879 916 2958 maguis
944 2877 1101 2957 parvisque
1128 2879 1175 2940 in-

260 2989 333 3053 subs
361 2991 487 3053 refertus
508 2999 568 3072 est.
611 2990 667 3052 hac
694 3008 727 3051 re
749 3008 842 3066 mare,
872 2988 952 3070 quod
972 2989 1085 3068 gremio
1107 2989 1175 3050 bto·

331 3222 372 3284 22,
390 3222 464 3272 2-6.
484 3217 644 3272 CaesarBG.
657 3220 681 3280 4,
693 3220 719 3284 3,
733 3221 755 3273 1.
774 3222 798 3283 6,
811 3220 852 3282 23,
865 3221 888 3270 1.
901 3220 924 3270 2.
951 3219 993 3283 27,
1008 3219 1032 3270 4.
1045 3221 1068 3272 6.
1086 3217 1140 3272 BG.
1149 3221 1175 3286 6,

264 3307 306 3371 22,
327 3307 349 3358 1.
418 3307 443 3358 6.
460 3303 511 3356 siut
529 3319 591 3356 corr
605 3303 762 3356 concinunt?
779 3305 811 3368 A,
829 3303 917 3356 sinunt
932 3303 976 3354 uel
992 3303 1077 3356 sinant
1091 3321 1121 3356 a.

264 3393 306 3455 28,
324 3393 348 3443 2.
367 3392 391 3446 3.
408 3388 506 3455 Md,
524 3391 565 3456 23,
582 3390 608 3442 6.
626 3392 651 3442 9.
711 3390 752 3454 29,
765 3391 788 3441 5.
807 3388 919 3441 habeant
932 3404 970 3455 pr
983 3389 1016 3442 Α.
1035 3390 1058 3442 6.
1078 3389 1174 3442 Cumas·

263 3473 319 3527 BG.
338 3476 367 3539 6,
385 3477 431 3543 25,
448 3477 472 3529 4.
575 3475 621 3541 36,
642 3476 664 3526 1.
683 3489 788 3542 quarum
804 3491 839 3542 pr
856 3476 888 3528 A.
990 3476 1015 3525 5.
1034 3475 1173 3528 amissisius

265 3559 334 3628 ungis
349 3560 404 3625 Aac.
507 3563 548 3628 31,
566 3563 590 3615 3.
606 3575 665 3614 acre
682 3562 736 3614 Ae.
