2560 4186
238 254 276 318 18
567 271 701 315 connnnn
724 271 820 316 racrrr

236 447 325 501 netur
361 441 463 502 venire
499 459 531 503 se
568 439 703 502 laborum
739 440 999 521 periculorumque
1033 443 1161 518 sociam,

236 551 314 613 idem
344 551 374 611 in
402 569 489 630 pace,
523 551 600 612 idem
629 552 659 612 in
689 552 803 630 proelio
825 570 977 632 passuram
1000 571 1159 614 ausuram·

237 681 304 741 que.
345 661 401 722 hoc
423 660 517 723 iuncti
539 662 638 736 boves,
662 661 718 723 hoc
741 671 859 742 paratus
882 681 985 742 equus,
1009 665 1065 724 hoc
1088 664 1159 724 data

236 790 317 834 arma
354 772 542 834 denuntiant.
594 773 636 834 sic
669 773 839 848 vivendum,
876 773 918 836 sio
953 773 1159 853 pereundum

194 898 219 940 ao
237 881 372 962 accipere
404 901 436 944 se
470 901 544 962 quae
572 882 672 945 liberis
700 884 837 945 inviolata
866 902 899 945 ac
928 885 1015 965 digna
1042 884 1158 958 reddat,

238 1011 312 1072 quae
347 1011 440 1054 nurus
473 993 619 1074 accipiant
651 1012 813 1073 rursusque
846 994 882 1056 ad
921 1003 1045 1075 nepotes
1077 996 1159 1055 rele-

236 1111 349 1164 rantur.

185 1219 220 1274 19
303 1232 373 1294 ergo
395 1224 496 1294 saepta
518 1214 656 1294 pudicitia
679 1225 780 1294 agunt,
808 1216 897 1278 nullis
918 1216 1158 1297 spectaculorum

237 1323 392 1398 illecebris,
417 1325 505 1388 nullis
528 1325 729 1389 conviviorum
751 1327 966 1389 irritationibus
987 1334 1155 1406 corruptae.

237 1435 402 1496 litterarum
431 1444 543 1498 secreta
569 1436 623 1498 viri
652 1438 763 1518 pariter
792 1457 826 1501 ac
853 1439 979 1500 feminae
1006 1439 1156 1518 ignorant.

238 1546 412 1626 paucissima
441 1546 471 1607 in
500 1555 559 1607 tam
588 1566 745 1610 numerosa
775 1558 863 1628 gente
885 1547 1037 1610 adulteria.
1080 1566 1157 1627 quo·

209 1677 305 1723 nrum
342 1677 439 1740 poena
475 1675 616 1739 praesens
653 1668 682 1720 et
718 1661 829 1723 maritis
865 1659 1023 1741 permissa:
1061 1659 1156 1739 absci-

238 1771 278 1834 sis
315 1770 462 1844 crinibus
500 1768 654 1845 nudatam,
692 1787 792 1831 coram
824 1770 1002 1852 propinquis
1038 1769 1158 1850 expellit

239 1883 326 1944 domo
361 1880 482 1942 maritus
514 1898 548 1942 ac
581 1898 635 1961 per
663 1899 782 1943 omnem
812 1881 907 1942 vicum
936 1880 1059 1941 verbere
1088 1879 1157 1958 agit.

175 2022 176 2026 ¹
238 1992 403 2075 publicatae
430 1991 509 2053 enirn
538 1991 695 2071 pudicitiae
724 1991 804 2054 nulla
831 1992 930 2067 venia;
961 2010 1021 2052 non
1051 1991 1158 2063 forma

241 2123 302 2164 non
331 2111 438 2178 aetate,
469 2122 531 2165 non
561 2104 667 2183 opibus
696 2103 833 2166 maritum
863 2101 1018 2165 invenerit.
1068 2118 1157 2162 nenio

198 2225 222 2266 ¹0
240 2213 320 2274 enim
348 2212 407 2273 illic
428 2213 496 2274 vitia
524 2213 612 2288 ridet,
645 2233 699 2276 neo
728 2232 920 2293 corrumpere
949 2221 979 2273 et
1007 2211 1158 2291 corrumpi

240 2323 401 2384 saeculum'
421 2330 550 2384 vocatur.
600 2324 704 2387 melius
737 2325 855 2404 quidem
882 2323 977 2385 adhuc
1006 2341 1058 2384 eae
1086 2321 1156 2382 civi-

241 2441 316 2496 tates
343 2434 374 2494 in
405 2431 514 2512 quihus
535 2441 650 2496 tantum
672 2435 801 2515 virgines
823 2434 942 2496 nubunt
964 2442 993 2496 et
1015 2451 1082 2495 curn
1104 2450 1157 2512 spe

241 2553 369 2624 votoque
402 2544 503 2606 uxoris
535 2544 626 2606 semel
658 2546 838 2626 transigitur.
889 2544 931 2606 sic
956 2562 1052 2605 unum
1079 2528 1156 2604 acci·

313 2758 352 2808 16.
370 2754 462 2808 saliam
474 2771 495 2807 c.
566 2757 605 2810 18.
625 2755 671 2824 hec
682 2755 709 2821 0,
727 2755 810 2819 hocb,
829 2755 876 2806 aed
891 2770 973 2821 cupra
991 2770 1007 2806 o
1024 2754 1109 2804 litura
1127 2757 1159 2804 ut

245 2858 356 2910 uidetur.
400 2857 447 2927 hec
464 2833 611 2928 {all-hec
622 2857 648 2910 0.
754 2860 793 2912 19.
811 2855 966 2910 denunciant
975 2857 1005 2910 B.
1050 2869 1158 2921 pereun-

244 2942 337 3008 dumb‚
358 2941 463 3010 piaclum
476 2944 506 3008 0,
530 2941 679 3011 pariendum
689 2944 736 2995 Be.
845 2945 885 2995 20.
904 2940 927 3009 ᾷς
948 2941 974 2994 C.
1033 2936 1157 3006 reddatc‘p

245 3027 272 3082 0.
342 3031 382 3081 21.
400 3026 514 3096 rursusci3
535 3027 561 3094 C,
579 3042 666 3080 rursus
684 3043 781 3096 quaec.

311 3111 357 3182 la,
377 3116 399 3164 1.
418 3117 506 3182 scepta
524 3111 643 3180 pudititia
658 3113 683 3164 0.
729 3115 801 3180 septa
820 3126 880 3164 eum
899 3111 983 3163 litura
1000 3123 1083 3175 supra
1101 3122 1158 3157 aer-

243 3201 334 3250 sumb.
370 3197 494 3266 pudicicia
504 3198 535 3250 B.
622 3199 645 3250 5.
664 3211 729 3264 pena
738 3197 770 3249 B.
805 3196 912 3249 abscisis
930 3195 994 3246 libri
1011 3209 1065 3245 non
1083 3191 1159 3258 nulli,

244 3283 337 3336 adcisis
347 3284 377 3348 B,
396 3283 487 3334 accisis
504 3285 542 3348 bc,
560 3283 664 3335 occissis
679 3282 705 3336 C.
809 3284 832 3335 6.
851 3281 944 3334 nudata
957 3278 982 3332 C.
1087 3279 1112 3330 l.
1128 3290 1158 3328 ac

243 3363 332 3436 ps'oie
344 3366 369 3420 C.
406 3368 499 3422 vitrum
510 3369 581 3436 prC.
686 3370 710 3422 8.
728 3363 900 3436 praeroga,
922 3362 1078 3432 pudititieO.

313 3457 337 3508 9.
356 3455 454 3507 inuenit
465 3454 506 3506 Ce.
595 3457 633 3507 10.
651 3453 723 3506 illhic
734 3469 755 3505 c.
791 3452 861 3506 uidet
872 3452 897 3504 0.
987 3452 1026 3502 tl.
1046 3445 1158 3500 seculum

246 3541 284 3606 bc,
302 3537 366 3591 selon
377 3538 404 3592 0.
439 3555 485 3592 eae
495 3541 562 3604 Bac,
581 3554 638 3592 esse
648 3555 669 3592 c.
732 3534 735 3540 ’
760 3543 798 3594 13.
817 3537 933 3591 uxerisc.
