2560 4186
186 187 224 248 10
514 199 650 242 conuenit
672 200 767 242 rucrrr

183 369 307 431 sortium
337 368 521 430 consuetudo
550 367 683 448 simplex.
727 369 837 448 virgam
866 368 1025 448 frugiferae
1054 384 1103 429 ar·

184 477 250 540 hori
272 478 401 541 decisam
424 478 454 539 io
477 477 613 540 surculos
635 487 789 559 amputant
812 497 923 558 eosque
939 477 1019 540 notis
1036 477 1103 558 qui-

184 587 306 652 busdam
344 588 487 652 discretos
522 607 613 669 super
654 589 808 651 candidam
843 596 955 651 vestem
991 574 1102 650 temere

155 719 218 762 uae
249 699 372 762 fortuito
400 707 553 780 spargunt.
602 717 686 774 mox,
720 699 745 761 si
771 698 890 779 publice
919 698 1102 772 consuletur,

184 810 321 872 sacerdos
349 810 488 885 civitatis,
519 809 565 871 siu
595 809 746 889 privatim,
775 810 838 890 ipse
861 808 1102 890 paterfamiliae,

183 929 320 1001 precatus
357 921 428 982 deos
465 920 637 998 caelumque
675 919 857 1000 suspiciens,
891 928 937 982 ter
969 920 1104 1000 singulos

183 1031 272 1106 tollit,
316 1029 447 1094 sublatos
483 1030 648 1092 secundum
689 1032 861 1113 impressam
897 1038 965 1094 ante
1002 1041 1103 1092 notam

183 1141 404 1222 interpretatur.
450 1141 475 1204 si
501 1141 737 1222 prohibuerunt,
769 1141 848 1204 nulla
878 1141 914 1203 de
943 1139 1044 1202 eadem
1071 1158 1103 1238 re
1171 1212 1174 1216 ¹

144 1271 169 1312 1o
186 1251 216 1314 in
251 1251 379 1314 eundem
413 1251 490 1314 diem
526 1253 718 1330 consultatio;
752 1253 797 1315 sin
826 1252 1016 1332 permissum,
1051 1268 1104 1312 au·

184 1361 346 1443 spiciorum
383 1363 478 1424 adhuc
516 1363 589 1426 ssdes
621 1363 757 1444 exigitur.
812 1370 842 1425 et
874 1362 945 1426 illud
985 1360 1104 1441 quidem

185 1471 272 1534 etiam
299 1473 349 1535 hic
378 1483 496 1549 notum,
532 1473 745 1536 avium‘roces
770 1473 945 1552 'volatusque
974 1473 1105 1534 iuterro-

185 1601 264 1662 gare.
313 1584 468 1665 proprium
497 1585 594 1666 gentis
623 1602 768 1665 equorum
804 1602 923 1664 quoque
952 1583 1105 1664 praesagia

185 1710 219 1754 ac
247 1695 379 1757 monitus
409 1695 546 1776 experiri.
589 1694 709 1776 publice
731 1695 852 1759 aluntur
873 1693 976 1757 iisdem
999 1712 1105 1756 nemo·

144 1822 168 1864 15
185 1803 269 1867 ribus
297 1823 332 1867 ac
359 1806 449 1883 lucis,
479 1806 597 1868 candidi
620 1816 649 1868 et
671 1805 753 1868 nullo
776 1804 892 1867 mortali
915 1819 1005 1886 opere
1027 1823 1101 1868 con·

184 1917 266 1980 tacti:
297 1935 372 1995 quos
399 1935 520 1998 pressos
545 1935 630 1980 sacro
653 1934 743 1978 curru
766 1917 904 1979 sacerdos
926 1934 960 1977 ac
981 1934 1034 1977 rex
1055 1914 1103 1977 vel

184 2027 325 2107 princeps
355 2028 477 2091 civitatis
510 2027 688 2090 comitantur
715 2026 910 2108 hinnitusque
938 2045 972 2088 ae
1000 2026 1100 2088 tremi-

185 2145 233 2198 tus
261 2136 429 2198 observant.
472 2157 529 2201 nec
558 2138 610 2201 ulli
641 2138 772 2218 auspicio
801 2137 895 2199 maior
915 2135 1005 2212 tldes,
1038 2155 1101 2200 non

185 2245 280 2308 solum
309 2246 387 2326 apud
416 2245 548 2327 plebem,
577 2247 630 2311 sed
657 2248 734 2328 apud
763 2265 918 2328 proceres,
946 2248 1024 2328 apud
1054 2266 1102 2310 sa·

145 2375 170 2417 ro
187 2357 334 2418 eerdotes:
363 2376 394 2419 se
424 2358 503 2419 enim
531 2358 683 2420 ministros
711 2356 849 2433 deorum,
878 2357 944 2420 illos
965 2357 1102 2420 conscios

184 2474 300 2546 putant.
344 2475 389 2529 est
416 2477 445 2529 et
470 2468 523 2530 alia
546 2466 710 2531 observatio
733 2468 1011 2549 auspiciorumque
1034 2485 1101 2548 gra-

254 2679 277 2729 2.
297 2680 337 2728 est
355 2676 463 2744 simplex
474 2678 500 2730 0.
561 2682 584 2732 4.
603 2681 691 2732 tenere
708 2693 791 2745 supra
810 2681 904 2730 temere
915 2676 948 2730 οἳ.
1008 2680 1032 2731 5.
1051 2693 1102 2730 nor

186 2761 225 2813 sin
236 2761 262 2814 0.
299 2762 441 2815 consulitur
457 2763 607 2828 Walctu'us,
627 2763 776 2816 consulatur
793 2761 949 2827 Mannum,
972 2762 1102 2815 consulte-

185 2847 367 2900 turHalme‘ua.
453 2850 478 2901 6.
496 2849 640 2902 sanctitatis
658 2865 679 2903 c.
767 2851 790 2900 7.
808 2848 960 2917 coelumque
978 2850 1001 2899 l.
1042 2862 1103 2914 sup-

186 2931 295 2999 pliciens
306 2932 332 2985 C.
420 2937 444 2987 9.
462 2933 699 3001 interpretationem
711 2932 737 2985 C.
771 2931 951 3001 prohibuerat
962 2932 988 2986 C.

255 3019 294 3072 13.
313 3017 380 3084 getis
389 3017 421 3070 B.
456 3034 579 3088 equorum
598 3017 774 3087 quoqueBde‚
793 3014 915 3086 equorum
936 3017 962 3071 0.

254 3138 293 3190 to.
312 3113 449 3202 pressisb.
521 3140 560 3190 17.
580 3136 725 3190 sanctitatis
735 3150 755 3188 c.
792 3135 957 3205 hinnitusque
966 3135 1020 3203 Bt,
1037 3134 1103 3189 hinr-

186 3221 254 3273 nitns
266 3221 297 3287 C,
321 3221 469 3274 hinnitusu.
574 3223 613 3274 18.
632 3221 743 3288 auspitio
755 3220 782 3273 C.
886 3223 925 3274 19.
945 3219 989 3273 sed
1001 3219 1034 3286 C,
1057 3218 1103 3274 sed

186 3305 262 3358 etiam
275 3305 477 3373 Megindarduu
495 3305 608 3358 othc.
679 3308 720 3360 20.
739 3303 867 3373 illochti,
885 3305 1006 3358 istost.
1042 3319 1103 3357 cou-

185 3389 239 3444 slos
256 3390 367 3458 putato.
437 3393 478 3444 rt.
496 3391 643 3444 observatio
662 3407 696 3444 eu
715 3391 862 3458 opserratio
880 3405 943 3442 corr
957 3391 981 3443 d.
1016 3390 1102 3457 auspi·

186 3474 278 3528 tiorum
290 3475 316 3529 C.
