2560 4186
241 261 283 325 56
520 277 539 318 ε
560 273 714 318 ετιιιιοινιε
735 273 820 317 muno
844 274 879 318 ιν.

241 437 309 532 [NJ
347 438 513 532 ἀμφότεροι
533 433 568 505 δὲ
589 442 701 530 ῥέουσιν
722 441 772 507 ἐπὶ
792 439 849 517 τὰς
871 435 999 531 ἄρκτους
1020 437 1082 505 ἀπὸ
1096 447 1158 504 τῶν

241 554 349 620 νοτίων
371 559 483 642 μερῶν·
505 549 662 641 πρόκειται
683 545 715 616 δ’
740 550 843 617 αὐτῶν
860 550 880 641 ἡ
895 547 1101 640 Πρεττανική,
1124 549 1159 617 οὐ

241 666 295 756 μὲν
314 656 426 754 Ῥήνου
441 663 493 727 καὶ
507 660 638 752 ίγγιίθεν
653 659 733 728 ὥστε
747 668 945 752 καθαρᾶσθαι
959 659 997 727 τὸ
1013 658 1158 743 Κάντιον,

240 767 312 862 ὅπερ
334 775 400 840 ἐστὶ
421 770 459 838 τὸ
482 775 557 856 ἑῷον
579 767 669 863 ἄκρον
691 781 746 864 τῆς
766 771 868 864 νήσου,
889 780 947 838 τοῦ
966 765 1001 836 δὲ
1014 769 1159 859 Σιήκοιίνα

198 908 225 952 ει
241 883 344 978 μικρὸν
366 883 529 974 ἀπωτέρω·
551 886 690 949 ἐνταῦθα
711 876 745 949 δὲ
766 885 818 949 καὶ
840 882 878 949 τὸ
894 880 1058 972 ναυπήγιον
1074 907 1158 948 συνε-

241 996 378 1088 σπήσατο
400 995 518 1085 Καῖσαρ
540 993 557 1060 ὁ
578 993 650 1070 θεὸς
670 994 770 1060 πλέων
792 1001 832 1071 εἰς
858 992 916 1085 τήν
937 991 1158 1084 Πρεττανικήν.

240 1115 299 1174 τοῦ
320 1100 354 1173 δὲ
368 1103 511 1196 Σήκοοίνα
532 1103 570 1172 τὸ
584 1103 750 1194 πλεόμενον
765 1103 823 1171 ὑπὸ
838 1113 901 1170 τῶν
916 1107 952 1170 ἐκ
964 1111 1022 1170 τοῦ
1034 1099 1160 1194 Ἄραρος

241 1213 409 1308 δεχομένων
423 1214 466 1280 τοὶ
480 1217 588 1306 φορτία
603 1225 697 1306 μικρῷ
712 1216 803 1283 πλέον
811 1218 899 1282 ἐστὶν
909 1211 930 1306 ή
940 1213 979 1280 τὸ
991 1221 1049 1281 τοῦ
1059 1214 1159 1306 Λίγή·

242 1353 288 1421 ρος
308 1331 360 1394 καὶ
380 1326 418 1393 τὸ
432 1333 489 1393 τοῦ
504 1325 658 1418 Γαρούνα·
681 1325 720 1394 τὸ
736 1321 769 1392 δὲ
784 1325 844 1393 ἀπὸ
859 1319 1059 1416 Λουγδούνου
1074 1328 1161 1417 μέχρι

198 1468 224 1511 3ο
241 1446 299 1506 τοῦ
320 1435 464 1528 Σήκοσίνα
486 1438 590 1527 χιλίων
612 1431 745 1504 σταδίων
767 1438 858 1520 ἐστίν,
881 1443 1012 1504 ἔλαττον
1028 1430 1060 1501 δ’
1078 1434 1099 1527 ή
1114 1430 1159 1502 δι-

241 1547 368 1618 πλάσιον
390 1545 505 1614 τούτου
526 1547 591 1636 [τὸ]
611 1548 672 1615 ἀπὸ
694 1557 756 1614 τῶν
778 1552 922 1633 εἰσβολῶν
939 1541 1161 1614 τοῦῬοδανοῢ

242 1660 328 1750 μέχρι
353 1652 561 1748 Λουγδοιίνου.
611 1663 684 1749 φασὶ
712 1651 746 1724 δὲ
778 1661 831 1725 καί
858 1655 1062 1749 πολυχρύσους
1090 1657 1162 1735 τοὺς

241 1769 448 1860 Ἐλυήττίους,
471 1764 563 1861 μηδὲν
585 1771 690 1859 μέντοι
709 1761 805 1860 ήττον
827 1771 876 1836 ἐπὶ
889 1770 1032 1865 λῃστείαν
1047 1771 1161 1859 τραπί-
1271 1797 1272 1854 χ

242 1887 316 1947 σθαι
343 1880 400 1958 τοὶς
421 1888 484 1946 τῶν
505 1881 647 1972 Κίμβρων
669 1879 805 1972 εὐπορίας
828 1874 961 1957 ἰδόντας·
990 1879 1161 1972 ἀφανισθή-

199 2017 226 2061 ab
243 2017 292 2058 ναι
312 1985 344 2057 δ’
370 1989 473 2057 αὐτῶν
494 1990 538 2057 τοὶ
559 1986 615 2058 δυό
636 1997 718 2081 φῦλα
738 1998 828 2082 τριῶν
851 1987 947 2058 ὄντων
969 1989 1054 2056 κατὰ
1068 2017 1161 2082 στρα-

243 2104 333 2180 τείας.
371 2100 451 2192 ὅμως
472 2095 504 2167 δ’
529 2107 565 2169 ἐκ
577 2111 640 2167 τῶν
653 2107 767 2168 λοιπῶν
782 2101 821 2168 τὸ
835 2109 898 2167 τῶν
913 2101 1060 2191 ἐπιγόνων
1083 2109 1161 2193 πλή-

243 2221 298 2290 θος
318 2203 469 2303 ίδήλωσεν
492 2211 509 2279 ὁ
531 2211 602 2302 πρὸς
622 2213 764 2304 Καίσαρα
784 2211 840 2278 τὸν
861 2211 935 2280 θεὸν
956 2212 1103 2302 πόλεμος,
1130 2219 1162 2280 ίν

245 2314 270 2406 ᾧ
290 2326 356 2413 περὶ
376 2320 610 2413 τετταράκοντα
627 2316 765 2413 μυριάδες
779 2322 932 2413 σωμάτων
946 2316 1162 2415 διεφθάρησαν,
1270 2401 1271 2404 ¹

243 2433 315 2511 τοὺς
336 2427 370 2500 δὲ
390 2433 512 2510 λοιποὺς
533 2427 684 2512 σώζεσθαι
705 2441 838 2525 μεθῆκεν
855 2441 894 2511 εἰς
909 2433 1162 2523 ὀκτακισχιλίους,
1270 2467 1271 2500 1

201 2572 227 2615 ιο
244 2543 324 2622 ὅπως
356 2543 397 2635 μή
430 2555 494 2621 τοῖς
521 2543 682 2634 Γερμανοῖς
717 2543 833 2636 ὁμόροις
861 2537 943 2612 οὖσιν
971 2551 1077 2636 ἔρημον
1105 2545 1162 2636 τήν

139 2662 141 2667 ’
244 2655 343 2748 χώραν
365 2655 436 2751 ἀρῇ.

211 2784 227 2836 4
307 2765 399 2833 Μετὰ
426 2761 461 2832 δὲ
484 2765 556 2844 τοὺς
576 2765 777 2858 Ἐλυηττίους
798 2768 951 2859 Σήκοανοὶ
975 2770 1027 2834 καί
1046 2761 1160 2834 Μεδιο-

313 3009 354 3062 21.
372 3005 400 3059 δί
416 3005 559 3059 Krammoe
576 3005 688 3060 addidit.
798 3009 839 3062 22.
858 3009 899 3062 26.
917 3002 1074 3078 πρεττανική,
1090 3025 1162 3078 πρετ-
1269 3007 1270 3024 ’

243 3095 342 3167 τανικήν
358 3098 412 3153 ΑΟ.
498 3102 540 3154 θθ.
557 3097 574 3168 ἧ
589 3099 676 3170 χιλίων
693 3099 764 3166 libri,
781 3097 799 3168 ἢ
815 3101 912 3153 delevit
928 3101 1033 3156 Coram.
1069 3097 1095 3154 δ’
1115 3101 1161 3155 ad-

245 3195 316 3246 didit
333 3193 439 3247 Οονεεε.
547 3197 589 3249 31.
605 3189 635 3248 τὸ
654 3194 710 3247 add
726 3194 831 3249 (ἔσπασε.
943 3198 984 3250 33.
1003 3191 1165 3266 ελουητανσῦς

246 3288 317 3340 libri.
367 3285 501 3357 τρέπεσθαι
519 3287 588 3340 le'bn‘.
691 3291 732 3342 ³5.
750 3281 863 3359 στρατιὰς
878 3288 965 3344 BClA.
1062 3293 1103 3344 36.
1121 3285 1162 3344 τί·

245 3401 300 3435 πων
314 3387 377 3449 μυσί
391 3381 485 3436 λοιπῶν
501 3381 599 3434 delevit
614 3381 771 3437 Μείπείιίιιε.
864 3385 906 3438 θθ.
924 3386 966 3438 39.
983 3384 1064 3452 longe
1081 3386 1162 3438 alitor
1268 3367 1269 3416 ί

247 3477 344 3530 Caesar
360 3477 410 3543 Bg.
430 3479 453 3541 1,
470 3477 503 3530 29
520 3475 643 3541 (Orosius
659 3478 684 3543 6,
703 3479 737 3543 7).

313 3571 339 3636 4,
358 3573 381 3624 ί.
398 3567 565 3637 σελονήτείους
580 3569 647 3623 Am.
701 3571 887 3644 μηδιομσιτρικολ
904 3571 957 3624 CA.
