2552 4172
432 251 559 294 unsrun
580 251 666 294 nunno
687 251 744 293 rvr.
981 236 1041 300 103

120 417 267 481 dimicare
288 419 437 498 contingit
457 418 539 481 omni
560 419 666 498 procul
692 419 795 481 abacto
817 419 933 482 frutice.
976 419 1076 484 ulvat

121 537 156 589 et
190 530 308 610 palustri
336 509 428 593 iunco
456 530 537 592 lunis
559 537 684 591 nectunt
705 530 741 591 ad
762 530 960 612 praetexenda
981 532 1042 613 pis·

120 641 214 704 cibus
244 641 332 716 retia,
365 649 543 721 captumque
570 638 708 703 manibus
735 640 829 704 lutum
857 642 952 704 ventis
979 660 1044 704 ma-

120 751 173 831 gis
203 771 287 832 quam
315 752 378 815 sole
406 752 550 814 siccantes
571 759 649 814 terra
672 751 755 814 cibos
777 761 807 814 et
827 752 952 832 rigentia
974 771 1043 834 sep·

120 863 276 925 tentrione
302 863 415 926 viscera
443 881 496 925 sua
528 871 629 925 urunt.
679 871 789 942 potuus
821 882 882 926 non
915 863 973 926 nisi
1006 880 1072 925 ers

121 959 221 1035 imbre
241 981 356 1036 serrato
378 972 534 1036 scrobibus
556 974 586 1036 in
608 972 753 1036 vestibulo
780 974 893 1037 domus.
937 981 967 1036 et
987 975 1043 1038 hae

122 1092 245 1164 gentes,
273 1086 297 1147 si
320 1085 478 1148 vincantur
503 1083 592 1146 hodie
618 1102 635 1144 a
661 1085 772 1164 populo
801 1085 951 1161 Romano,
979 1105 1042 1148 sor·

122 1195 188 1257 vire
218 1214 250 1258 se
283 1195 400 1258 dicuntl
455 1196 494 1257 ita
527 1204 572 1258 est
604 1196 753 1276 prolecto:
791 1196 891 1259 multis
923 1196 1042 1258 fortuna

123 1307 220 1385 parcit
242 1306 274 1368 in
297 1325 435 1387 poenam.

123 1418 170 1493 (2)
198 1417 276 1479 aliud
306 1437 323 1479 e
353 1417 432 1479 silvis
459 1417 647 1480 miraculum:
680 1423 771 1480 totam
798 1417 940 1497 reliquam
968 1418 1075 1481 Ger-5

123 1528 253 1589 maniam
287 1529 428 1609 operiunt
458 1528 629 1606 adduntque
662 1527 765 1608 lrigori
794 1528 928 1605 umbras,
961 1530 1042 1593 altis·

123 1638 216 1700 simae
243 1647 342 1700 tamen
377 1639 448 1701 haut
475 1638 581 1718 procul
602 1656 692 1719 supra
713 1638 798 1701 dictis
820 1638 944 1702 Chaucis
965 1641 1042 1703 circa

122 1750 200 1810 duos
228 1750 388 1830 praecipue
415 1749 529 1810 laeuus.
578 1748 663 1810 litora
692 1749 754 1829 ipsa
789 1749 926 1829 optinent
954 1768 1042 1830 quer-

121 1878 198 1922 cuus
230 1860 356 1922 maxima
385 1859 521 1922 aviditate
551 1841 722 1933 nascendi(
740 1860 940 1939 suffossaeque
968 1862 1072 1922 linc-c

121 1969 205 2041 tibus
236 1979 287 2031 aut
319 1970 478 2052 propulsae
510 1968 628 2033 llatibus
658 1978 753 2032 rastas
786 1969 933 2051 conplexu
966 1971 1042 2032 radi-

122 2100 194 2142 cum
231 2081 343 2143 insulas
379 2099 481 2143 secum
516 2081 671 2155 auferunt,
714 2089 802 2160 atque
844 2082 883 2143 ita
919 2080 1041 2145 libratae

121 2200 236 2254 stantes
277 2192 430 2272 navigant,
470 2191 637 2269 ingentium
670 2208 822 2254 ramorum
854 2193 1043 2256 armamentis

121 2321 212 2382 saepe
246 2302 356 2364 territis
389 2301 532 2364 classibus
565 2301 688 2376 nostris,
722 2320 789 2365 cum
818 2303 897 2365 velut
930 2323 965 2366 ex
994 2304 1041 2365 in·

122 2413 237 2475 dustria
259 2412 398 2475 lluctibus
420 2419 580 2493 agerentur
601 2411 632 2474 in
655 2431 759 2492 proras
780 2414 920 2476 stantium
940 2423 1084 2488 nocturn

121 2524 299 2604 inopesque¹
328 2523 450 2586 remedii
489 2523 555 2585 illae
588 2523 734 2603 proelium
770 2524 871 2586 navale
903 2526 1041 2586 adversus

121 2635 245 2697 arbores
265 2634 385 2696 inirent.

187 2746 218 2807 in
252 2745 355 2807 eadem
387 2744 611 2826 septentrionali
643 2744 728 2825 plaga
758 2743 922 2825 Hercyniae
951 2745 1073 2806 silvaco

193 2941 217 2994 8.
236 2939 345 2993 nbuucto
358 2938 417 2991 BG.
537 2940 562 3005 4,
580 2941 604 2992 l.
622 2935 668 2990 sod
685 2936 795 3004 rigentia
811 2937 830 2988 d
835 2975 841 3002 ,
865 2936 910 2990 sod
928 2940 979 3004 (set
991 2937 1039 3003 12²)

122 3024 285 3092 rigamini),
303 3023 336 3077 ed
352 3025 460 3092 rigantia
477 3041 505 3078 m.
609 3024 634 3076 6.
651 3022 699 3075 hae
718 3025 808 3089 gentes
826 3021 871 3088 12²,
889 3025 994 3074 nocente
1006 3023 1039 3088 Ε,

122 3115 242 3164 accontes
258 3127 287 3164 c.
391 3115 415 3165 9.
432 3109 533 3177 parcior
543 3109 574 3162 ll.
677 3111 706 3174 5,
724 3109 748 3162 2.
774 3107 893 3174 operiunt
910 3106 1038 3168 Dotlofee·

121 3213 188 3264 nus,
205 3196 318 3248 relerunt
333 3196 370 3261 Ε,
387 3196 518 3262 reperiunt
529 3211 559 3248 cc.
679 3197 703 3248 3.
728 3192 814 3245 caucis
835 3193 866 3258 d,
890 3191 974 3246 causis
991 3191 1038 3258 12¹,

122 3281 227 3334 cbausis
240 3298 269 3333 m.
355 3282 380 3333 6.
398 3279 534 3347 complexu
548 3280 574 3346 d,
591 3279 724 3347 complexa
739 3278 771 3343 ld,
790 3277 952 3345 conplexam.

122 3371 147 3419 t.
165 3365 262 3418 insulas
275 3365 342 3434 but,
362 3365 442 3418 silvas
457 3365 494 3432 Ε,
512 3364 538 3416 in
557 3364 637 3417 silvas
650 3381 679 3417 m.
730 3363 838 3416 libratae
854 3361 884 3428 d,
908 3362 1037 3418 libratam.

191 3454 215 3505 9.
234 3465 265 3504 ex
278 3449 325 3516 12²,
344 3467 385 3502 om
399 3468 423 3504 r.
494 3452 534 3503 10.
551 3464 627 3530 prora
642 3449 668 3516 d,
684 3463 806 3516 prospera
820 3465 849 3500 aa

192 3540 216 3601 6,
236 3540 258 3592 t.
275 3537 403 3590 herciniae
419 3537 444 3602 d,
462 3534 584 3589 hircinine
599 3534 629 3601 (l,
646 3534 774 3587 lrirconiae
789 3534 821 3586 E.
