2560 4186
375 267 569 312 κοικιοοιιιε
590 267 676 310 muno
698 268 747 312 vn.
977 253 1016 316 77

97 435 166 523 γίας
180 432 426 524 ἐπιμελούμενοι·
445 431 575 510 τοιίτους
589 437 662 522 φασί
675 436 728 500 καὶ
741 433 823 524 παρὰ
837 434 892 501 τόν
904 433 1018 525 Ἴστρον

99 553 205 627 οἰκεῖν,
236 543 285 634 ἐφ’
321 543 452 635 ἑκάτερα
480 543 633 621 πολλάκις.
682 549 715 610 ἐν
741 539 775 610 δὲ
802 554 842 641 τῇ
869 549 1018 636 μεσογαίᾳ

97 653 276 746 Βαστάρναι
297 656 351 744 μὲν
372 668 435 733 τοῖς
449 656 631 745 Τυρεγέταις
653 652 755 747 ὅμοροι
776 659 829 722 καὶ
847 658 1017 748 Γερμανοῖς,

97 761 207 856 σχεδόν
228 792 262 831 τι
282 769 336 832 καὶ
357 765 447 832 αὐτοὶ
467 774 524 832 τοῦ
539 766 725 856 Γερμανικοῦ
746 769 850 857 γένους
864 766 957 850 ὄντες,
979 775 1019 846 εἰς

97 879 194 944 πλείω
221 883 304 966 φῦλα
330 870 507 972 διῃρημένοι
551 880 604 944 καὶ
631 876 689 967 γάρ
708 874 856 967 Ἃτμονοι
875 881 1019 969 λέγονταί
1037 899 1062 942 ιο

97 1013 177 1065 τινες
199 991 254 1054 καὶ
268 981 397 1070 Σιδόνες,
421 996 448 1054 οί
469 982 503 1053 δὲ
523 987 580 1078 την
595 987 718 1078 Πεόκην
736 989 943 1079 κατασχόντες
962 990 1019 1082 την

97 1103 131 1164 ἐν
152 1106 200 1182 τῷ
214 1095 320 1189 Ἴστρῳ
342 1107 430 1189 νῆσον
444 1099 597 1181 Πευκῒνοι,
617 1094 805 1177 Ῥωξολανοὶ
819 1095 849 1166 δ’
868 1100 1018 1191 άρκτικοί-

97 1235 192 1276 τατοι
213 1208 257 1274 τά
278 1205 395 1298 μεταξὺ
409 1218 466 1276 τοῦ
480 1204 630 1286 Τανάιδος
647 1213 699 1276 καὶ
713 1211 917 1301 Βορυσθένους
931 1211 1019 1302 νεμό-

98 1346 183 1410 μενοι
204 1314 304 1386 πεδία.
340 1321 360 1411 ἡ
382 1319 440 1409 γὰρ
461 1319 657 1411 προσάρκτιος
677 1329 763 1387 πάσα
779 1321 840 1389 ἀπὸ
855 1323 1020 1412 Γερμανίας

98 1434 186 1524 μέχρι
213 1440 268 1523 τῆς
288 1433 428 1508 Κασπίας
455 1425 559 1508 πεδιάς
584 1437 682 1514 ἐστιν,
709 1433 746 1524 ἣν
767 1438 864 1522 ίσμεν·
892 1435 964 1526 ὑπὲρ
985 1429 1019 1502 δὲ
1036 1461 1062 1503 15

98 1552 162 1610 τῶν
174 1539 377 1621 Ῥωξολανῶν
399 1548 425 1608 εί
445 1568 523 1620 τινες
545 1550 674 1610 οἰκοῦσιν
697 1542 753 1610 οῦκ
773 1548 879 1633 ίσμεν.
904 1595 911 1610 .
936 1597 943 1610 .
967 1597 975 1610 .

162 1652 268 1743 Λοιπη
294 1647 324 1718 δ’
354 1657 420 1720 ἐστὶ
441 1661 495 1745 της
516 1652 660 1744 Εὐρώπης
680 1654 700 1744 ἡ
722 1653 806 1731 ἐντὸς
825 1653 943 1746 Ἴστρου
965 1660 1017 1723 καὶ
1034 1663 1064 1734 ὅ,
1084 1669 1096 1721 1

99 1774 153 1857 τῆς
176 1763 281 1848 κόκλῳ
302 1764 477 1855 θαλάττης,
507 1759 656 1855 ἀρξαμένη
678 1764 739 1831 ἀπὸ
762 1773 819 1832 τοῦ
841 1774 940 1855 μυχοῦ
960 1775 1018 1834 τοῦ

98 1871 294 1967 Ἀδριατικοῦ
316 1877 402 1966 μέχρι
423 1883 480 1942 τοῦ
502 1883 581 1965 ἱεροῦ
602 1874 756 1965 στόματος
770 1884 827 1942 τοῦ
838 1872 964 1966 Ἴστρου,
986 1882 1018 1943 ἐν

100 1979 120 2083 ᾗ
141 1994 224 2054 ἔστιν
245 1984 266 2076 ἥ
287 2010 323 2052 τε
336 1985 451 2062 Ἑλλάς
472 1988 525 2052 καὶ
545 1985 588 2051 τά
608 1995 671 2051 τῶν
685 1980 870 2052 Μακεδόνων
890 1990 943 2053 καὶ
955 1995 1018 2054 τῶν

99 2097 297 2188 Ἠπειρωτῶν
318 2103 391 2187 ἔθνη
406 2099 458 2162 καὶ
472 2095 515 2161 τοὶ
529 2096 601 2185 ὑπὲρ
615 2094 736 2163 τούτων
750 2095 822 2187 πρὸς
836 2097 890 2165 τὸν
902 2095 1017 2189 Ἴστρον
1034 2117 1048 2158 ο

101 2207 305 2300 καθήκοντα.
329 2259 336 2273 .
361 2259 368 2273 .
392 2259 399 2273 .
437 2201 484 2273 δεῖ
504 2202 533 2273 δ’
559 2206 621 2273 ἀπὸ
642 2215 699 2274 τοῦ
710 2205 828 2298 Ἴστρου
849 2209 906 2302 την
924 2209 1018 2302 ἀρχὴν
1034 2227 1119 2288 11313

100 2318 288 2409 ποιήσασθαι
308 2319 351 2384 τά
372 2313 476 2410 ἑφεξῆς
496 2320 642 2407 λέγοντας
656 2331 720 2396 τοῖς
734 2315 949 2410 περιοδευθεῒσι
963 2321 1018 2390 τό·

100 2455 179 2508 ποις·
202 2438 307 2495 ταῦτα
329 2424 359 2495 δ’
385 2435 450 2494 ἔστι
468 2428 511 2494 τὰ
525 2439 633 2521 συνεχῆ
648 2455 689 2526 τη
702 2430 821 2516 Ἰταλίορ
835 2456 871 2497 τε
885 2437 937 2498 καὶ
951 2445 1018 2511 ταῖς

98 2538 226 2608 Ἄλπεσι
247 2543 299 2607 καὶ
319 2541 481 2631 Γερμανοῖς
501 2544 554 2607 καὶ
575 2542 686 2618 Δακοῒς
712 2545 764 2606 καὶ
784 2541 893 2620 Γέταις
915 2593 923 2607 .
946 2593 954 2608 .
977 2594 985 2607 .
1008 2594 1017 2609 .

100 2654 238 2744 λέγωμεν
264 2646 302 2742 δη
331 2650 374 2717 τά
393 2651 544 2742 Ἰλλυρικά
569 2661 677 2743 πρῶτα
698 2651 892 2718 συνάπτοντα
914 2661 960 2737 τῷ
981 2677 1018 2720 τε
1034 2675 1061 2722 10

98 2760 204 2854 Ἴστρῳ
226 2764 279 2829 καὶ
300 2774 367 2840 ταῖς
378 2759 531 2847 Ἄλπεσιν,
554 2770 588 2829 αῖ
604 2775 719 2830 κεῖνται
737 2760 852 2854 μεταξὺ
867 2762 922 2856 της
935 2763 1017 2829 Ἰτα-

100 2876 165 2952 λίας
194 2876 246 2940 καὶ
271 2882 326 2966 τῆς
347 2875 526 2964 Γερμανίας,
555 2871 719 2966 ἀρξάμεναι
746 2873 807 2940 ἀπὸ
834 2882 889 2965 τῆς
914 2875 1018 2964 λίμνης

169 3137 194 3188 8.
211 3131 360 3202 τυρρεγέταις
375 3132 443 3199 Am,
460 3133 588 3203 τυριγίτοιις
606 3134 643 3188 0?
677 3133 793 3204 γερμιινολ
808 3133 887 3186 ABC.

104 3222 142 3274 10.
157 3214 291 3288 Ἄλμονοι,
305 3212 442 3285 Ὄλμονοιῖ
464 3220 591 3272 Ζοιιοιὶαε
609 3223 666 3276 127.
807 3221 846 3272 12.
863 3213 968 3271 πειίκινοι
984 3218 1018 3285 A,

101 3304 207 3358 πευκίνοι
225 3304 253 3371 0,
268 3303 375 3356 πευκινοί
390 3304 433 3356 Βί.
467 3302 570 3374 ῥωξανοὶ
581 3305 637 3370 AB,
654 3298 750 3374 ῥοξάνοι
762 3303 814 3356 ΟΕ.
831 3301 902 3365 cons.
917 3318 945 3370 p.
958 3305 1017 3357 294.

102 3392 126 3455 1,
144 3393 185 3445 17.
291 3391 330 3443 16.
348 3387 464 3458 ῥωξανοῑν
481 3392 515 3457 Α,
532 3388 640 3462 ῥοξανοῦν
657 3390 689 3456 Β,
707 3383 822 3460 ῥωξιίνων
840 3387 899 3452 CR}

168 3474 198 3545 5,
217 3477 240 3542 1,
258 3476 282 3528 5.
299 3468 392 3546 ἰσθμὸν
409 3476 481 3541 libri,
498 3491 561 3528 corr
581 3474 765 3543 Τμινοίιίίίίιιε.
850 3475 891 3529 11.
909 3465 927 3524 οἳ
942 3475 1018 3528 κεῖται

171 3562 210 3615 12.
229 3555 353 3630 ἀρξάμενα
369 3560 442 3626 libri,
460 3575 523 3613 σοιν·
541 3560 646 3616 coruos.
