2560 4186
261 255 302 316 60
538 269 557 310 ιι
578 265 732 310 ετιιιιιοιιιε
753 258 838 310 muno
861 269 897 311 ιν.

261 437 392 526 ἐμφερεῖς
415 441 470 500 εἰσι
492 435 545 499 καί
566 443 716 522 συγγενεῖς
738 430 881 524 ἀλλήλοις
903 424 998 517 οὗτοι,
1021 432 1129 526 ὅμορόν
1143 463 1183 505 τε

262 553 375 612 οἰκοῦσι
403 543 503 634 χώραν
531 537 730 633 ῦιοριζομένήν
762 552 809 628 τῷ
836 543 938 635 Ῥήνῳ
966 555 1099 636 ποταμῷ
1128 551 1184 613 καὶ

205 643 211 648 ’
261 654 457 747 παραπλήσια
471 660 599 745 ἔχουσαν
614 652 656 718 τά
666 660 804 720 πλεῖστα.
831 655 1039 747 άρκτικωτέρα
1053 651 1083 722 δ’
1098 661 1183 724 έστὶν

219 767 279 858 ιῡή
302 768 469 857 Γερμανία,
499 766 676 857 κρινομένων
704 775 767 831 τῶν
795 791 832 832 τε
857 769 964 833 νοτωίν
991 777 1089 860 μεριῦν
1111 769 1184 860 πρὸς

261 876 304 943 τά
319 876 406 944 νότια
421 879 473 942 καὶ
486 885 549 941 τῶν
561 876 710 968 άρκτικῶν
721 876 792 969 πρὸς
802 875 845 942 τά
857 875 995 968 άρκτικά.
1022 873 1075 945 &a
1085 889 1183 949 τοῦτο

263 983 296 1054 δὲ
324 991 376 1054 καὶ
402 986 459 1064 τὰς
495 986 733 1076 μεταναστάσεις
766 985 868 1054 αὐτῶν
900 982 1006 1080 ῥαδίως
1038 989 1183 1082 ὑπάρχειν

263 1100 425 1188 συμβαίνει,
448 1099 615 1188 φερομένων
637 1092 786 1189 ἀγεληδὸν
808 1101 861 1164 καὶ
877 1103 1088 1190 πανστρατιᾷ,Ι
1102 1109 1182 1193 μᾶλ-

262 1217 316 1276 λον
338 1203 372 1274 δέ
393 1211 445 1274 καί
466 1209 628 1275 πανοικίων
643 1205 830 1301 έξαιρόντων,
855 1207 930 1276 όταν
945 1210 993 1276 ὑπ’
1011 1209 1116 1278 ἄλλων
1131 1217 1182 1278 έκ-

229 1319 440 1405 3θβάλλωνται
467 1318 657 1409 κρειττόνων.
708 1324 799 1386 οἵτε
825 1320 976 1412 Ῥωμαῖοι
1003 1323 1084 1389 πολύ
1112 1329 1183 1415 ρ’ᾄον

263 1429 392 1508 τούτους
412 1430 612 1522 ἐχειρώσαντο
633 1427 654 1522 ή
675 1430 746 1509 τούς
758 1428 891 1523 Ἴβηρας·
913 1436 966 1498 καὶ
979 1432 1036 1524 γάρ
1051 1430 1183 1526 ήρξαντο

262 1539 405 1634 πρότερον
427 1544 480 1607 καί
501 1541 673 1609 ἐπαύσαντο
696 1541 819 1634 ὕστερον
833 1545 954 1622 ἐκείνοις
968 1551 1182 1636 πολεμοῦντες,

263 1651 393 1730 τούτους
414 1646 444 1717 δ’
477 1656 509 1718 έν
537 1660 584 1738 τῷ
605 1649 721 1743 μεταξὺ
743 1652 839 1745 χρόνῳ
861 1654 978 1733 πάντας
999 1659 1182 1740 κατέλυσαν,

263 1763 335 1841 τοῦς
356 1763 415 1830 άνά
436 1765 527 1854 μέσον
539 1762 651 1856 Ῥήνου
673 1768 725 1831 καὶ
744 1773 808 1830 τιῦν
822 1766 1000 1857 Πυρηναίων
1015 1766 1091 1858 ὀρῶν
1107 1767 1182 1858 σύμ-

229 1884 388 1953 35παντιις.
433 1873 540 1967 ἀθρόοι
566 1874 624 1966 γάρ
651 1879 703 1941 καὶ
730 1875 814 1941 κατά
839 1882 957 1968 πλῆθος
982 1879 1184 1967 ἐμπίπτοντες

264 1986 372 2078 ἀθρόοι
393 1985 591 2069 κατελύοντο,
614 1993 642 2053 οἱ
664 1980 697 2050 δ’
719 1989 878 2076 έταμίευον
893 1992 946 2053 καὶ
959 1989 1183 2080 κατεκερμάτι-

263 2094 314 2178 ζον
335 2097 408 2175 τοῦς
430 2097 563 2188 ἀγῶνας,
590 2094 705 2163 άλλοτε
727 2095 816 2164 ἄλλοι
837 2101 889 2164 καί
910 2099 979 2164 κατ’
1004 2097 1087 2165 άλλα
1109 2103 1183 2192 μέρή

263 2214 429 2303 λῃστρικῶς
456 2215 667 2299 πολεμοῦντες.
712 2211 767 2275 εἰσὶ
796 2211 849 2299 μὲν
872 2201 924 2276 οῦν
945 2214 1083 2302 μαχηταὶ
1106 2211 1183 2278 πάν-

264 2343 314 2395 τες
336 2327 376 2414 τῇ
398 2317 492 2408 φύσει,
515 2319 669 2410 κρείττους
691 2314 723 2384 δ’
749 2318 875 2387 ἱππόται
895 2317 915 2412 ή
934 2317 1028 2405 πεζοί,
1049 2326 1103 2388 καὶ
1118 2329 1184 2390 ἔστι

221 2440 246 2482 40
261 2430 425 2520 Ῥωμαίοις
452 2438 507 2521 τῆς
535 2430 652 2507 ἱππείας
674 2430 780 2522 άρίστή
801 2431 884 2522 παρά
905 2429 1034 2498 τούτων.
1079 2428 1184 2502 ἀεὶδὲ

265 2547 292 2608 οἱ
313 2540 557 2633 προσβορρότεροι
578 2543 630 2606 καὶ
651 2553 875 2633 παρωκεανῒται
896 2541 1112 2635 μαχιμώτεροι.

162 2629 245 2750 Ρχῗθῧθ
325 2647 416 2742 Ἑξῆς
437 2646 471 2718 δέ
492 2651 535 2716 τά
556 2650 626 2743 πρὸς
648 2653 688 2718 ἕω
710 2653 784 2744 μέρη
804 2661 851 2718 τό
852 2679 867 2720 ν
889 2653 965 2745 ὀρῶν
986 2657 1038 2721 καὶ
1060 2656 1102 2722 τά
1117 2660 1182 2723 έπι-

198 2731 208 2766 ’
265 2763 432 2854 στρέφοντα
441 2763 512 2854 πρὸς
524 2761 612 2830 νότον
621 2763 743 2830 Ῥαιτοὶ
755 2766 806 2829 καὶ
814 2758 1007 2831 Ούινῦολικοὶ
1018 2769 1184 2857 κατέχουσι

264 2872 466 2950 συνάπτοντες
490 2872 681 2965 Ἐλοήιτίοις
709 2877 762 2940 καὶ
790 2875 903 2952 Βοίοις·
930 2876 1097 2942 ἐπίκεινται
1124 2879 1182 2970 γάρ

264 2998 328 3063 τοῖς
352 2986 473 3050 ἐκείνων
499 2977 618 3062 πεδίοις.
664 2991 692 3050 οἰ
720 2986 773 3074 μὲν
802 2977 854 3050 οῦν
872 2984 994 3053 Ῥαιτοὶ
1020 2989 1106 3079 μέχρι
1127 2997 1183 3079 τῆς

235 3096 398 3173 ιἸταλίας
426 3093 595 3185 καθήκουσι
623 3101 678 3185 τῆς
704 3095 775 3187 ὑπὲρ
797 3094 958 3188 Οῦήρωνος
982 3100 1034 3163 καὶ
1055 3098 1181 3189 Κώμου.

264 3209 316 3274 καὶ
338 3205 355 3274 ὅ
375 3231 413 3297 γε
431 3204 588 3283 Ῥαιτικὸς
609 3204 685 3283 οἶνος
706 3214 768 3272 τῶν
790 3210 821 3273 έν
843 3219 907 3286 τοῖς
920 3205 1080 3286 Ἰταλικοῖς
1094 3213 1181 3276 ἐπαι-

260 3486 262 3490 ’
333 3466 374 3517 29.
392 3463 420 3515 δέ
436 3463 478 3515 καί
495 3462 600 3528 Corace,
618 3459 645 3516 δ’
664 3482 691 3517 εκ
709 3465 781 3519 libri.
852 3467 894 3519 41.
912 3460 1111 3536 προεβοριύτεροι
1129 3467 1180 3521 cE.

332 3557 362 3626 6,
379 3557 403 3623 8,
421 3558 445 3608 3.
463 3549 541 3618 Βοίοις
557 3555 679 3610 editores.
