2560 4186
384 265 577 312 υετωυοιοε
598 265 683 308 meno
704 265 751 308 vn.
984 251 1023 312 75

176 431 219 496 Τὸ
246 425 279 496 δὲ
305 428 405 496 νότιον
427 429 512 520 μέρος
534 438 588 520 τῆς
609 430 774 520 Γερμανίας
795 427 833 494 τὸ
855 429 946 519 πέραν
968 438 1025 495 τοῦ
1051 438 1113 508 8,1

109 539 227 626 Ἀλβιος
248 541 287 606 τὸ
309 543 363 630 μὲν
386 542 503 628 συνεχὲς
525 540 624 631 ἀκμὴν
641 539 698 606 ὑπὸ
714 549 776 606 τῶν
791 538 917 631 Σοήβων
932 543 1024 606 κατέ-

111 677 212 742 χεται·
235 651 289 717 εἶτ’
315 650 406 727 εὐθὺς
423 651 442 741 ἡ
457 659 520 716 τῶν
534 653 638 717 Γετῶν
654 649 799 716 συνάπτει
813 659 863 741 γῆ,
885 652 953 716 κατ’
973 651 1025 742 ἀρ·
1044 663 1126 730 p.295

111 763 165 853 χοὶς
191 765 246 853 μὲν
274 761 381 853 στενή,
410 764 644 853 παρατεταμένη
671 770 718 845 τῷ
743 759 849 853 Ἴστρῳ
877 762 960 828 κατὰ
987 761 1025 830 τὸ

110 874 208 941 νότιον
223 875 319 964 μέρος,
340 873 424 939 κατὰ
438 867 473 940 δὲ
486 873 662 939 τούναντίον
677 875 877 968 ιῇπιιρωρείῳ
887 874 1026 965 τοῦἙρ-
1043 893 1056 934 ο

109 987 210 1053 κυνίου
240 978 369 1077 δρυμοῦ,
398 987 484 1075 μέρος
511 1011 543 1049 τι
570 992 633 1049 τῶν
662 983 737 1072 ὀρῶν
758 987 811 1050 καὶ
832 983 911 1075 αὐτὴ
934 988 1026 1051 κατέ-

109 1121 215 1186 χουσα,
240 1095 308 1162 εἶτα
329 1094 519 1162 πλατύνεται
535 1095 605 1186 πρὸς
619 1094 675 1171 τὰς
691 1092 818 1185 ἄρκτους
833 1098 919 1186 μέχρι
933 1097 1027 1188 Τυρε-

108 1217 222 1298 γετῶν·
256 1206 329 1283 τοὺς
355 1200 389 1272 δὲ
416 1205 543 1297 ἀκριβεῖς
572 1205 655 1296 ὅρους
683 1206 738 1272 οὐκ
767 1213 874 1296 ἔχομεν
900 1202 1027 1298 φράζειν.

108 1312 159 1384 διὰ
174 1313 277 1408 δὲτὴν
289 1315 415 1407 ἄγνοιαν
425 1325 489 1382 τῶν
499 1315 603 1384 τόπων
614 1315 735 1384 τούτων
747 1324 774 1382 οἱ
785 1317 827 1382 τὰ
836 1318 964 1385 Ῥιπαῖα
976 1317 1028 1410 ὅρη

108 1433 160 1495 καὶ
181 1429 255 1506 τοὺς
267 1429 492 1520 Ὑπερβορείους
514 1435 750 1517 μυθοποιοῦντες
764 1427 859 1518 λόγου
873 1427 1027 1520 ἠξίωνται,
1046 1451 1070 1493 ιο

107 1545 161 1607 καὶ
184 1540 351 1616 οἳΠυθέας
372 1539 388 1606 ὁ
409 1538 634 1630 Μασσαλιοίτφς
655 1538 902 1628 κατεψεύσατο*
923 1550 1027 1607 ταῦτα

108 1661 163 1745 τῆς
186 1644 449 1742 παρωκεανίτιδος,
471 1649 662 1741 προσχήματι
683 1650 831 1742 χρώμενος
851 1655 972 1746 τῇπερὶ
985 1652 1028 1718 τὰ

109 1762 235 1855 οὐράνια
256 1766 308 1829 καὶ
329 1760 373 1828 τοὶ
394 1760 598 1852 μαθηματικὰ
621 1764 744 1852 ἱστορίᾳ.
781 1766 889 1828 ἐκεῖνοι
906 1765 961 1852 μὲν
976 1757 1028 1829 οὖν

106 1874 287 1941 ἑοίσθωσαν·
316 1867 385 1940 οὐδὲ
405 1872 463 1964 γὰρ
486 1877 512 1940 εἴ
532 1898 602 1938 τινα
616 1875 773 1964 Σοφοκλῆς
793 1866 946 1964 τραγῳδεῖ
963 1877 1028 1964 περὶ

107 1995 165 2077 τῆς
179 1984 358 2076 Ὠρεολυίας
378 1985 476 2073 λέγων
498 1984 537 2061 ὡς
554 1983 760 2075 ἀναρπαγεῒσα
775 1983 833 2050 ὑπὸ
849 1984 960 2074 Βορίου
975 2009 1027 2050 κο·
1047 2005 1071 2047 ιο

108 2098 234 2187 μισθείη
264 2096 355 2187 ,ὑπέρ
382 2121 420 2162 τε
448 2093 560 2162 πόντον
587 2095 675 2162 πάντ’
705 2094 750 2162 ἐπ’
782 2103 899 2184 ἔσχατα
920 2095 1029 2185 χθονὸς

99 2207 220 2302 Ννυκτός
240 2232 277 2273 τε
298 2205 397 2297 πργάς
419 2205 544 2296 οὐρανοῦ
565 2205 592 2272 τ’
618 2204 803 2295 ἀναπτυχοίς,
829 2209 948 2292 Φοίβου
969 2233 1028 2273 πα-

108 2317 200 2384 λαιὸν
222 2327 317 2409 κῆπον
326 2325 355 2400 ,“
386 2312 472 2384 οὐδὲν
501 2314 538 2383 ἄν
567 2323 612 2408 εἴη
632 2317 704 2408 πρὸς
726 2317 768 2383 τὰ
789 2326 854 2400 νῦν,
883 2317 950 2383 ἀλλ’
975 2323 1028 2384 ἐα-

109 2432 192 2512 τέον,
216 2427 313 2519 ὥσπερ
335 2431 387 2494 καὶ
408 2431 440 2494 ἐν
461 2436 507 2512 τῷ
522 2423 648 2519 Φαίδρῳ
669 2428 874 2520 ὁΣωκροίτης.
912 2423 981 2494 ἂδὲ
995 2436 1030 2495 ἔκ

109 2567 148 2608 τε
177 2548 232 2632 τῆς
259 2545 391 2616 παλαιᾶς
419 2541 548 2630 ἱστορίας
574 2542 626 2605 καὶ
647 2547 703 2630 τῆς
724 2549 774 2605 νῦν
795 2538 1028 2630 παρειλήφαμεν,
1046 2559 1071 2603 νο

109 2660 218 2718 ταῦτα
238 2652 384 2741 λέγωμεν.

178 2763 220 2828 Οἱ
238 2764 350 2829 ντοίνυν
369 2759 515 2852 Ἕλληνες
536 2761 607 2838 τοὺς
628 2763 726 2839 Γέτας
747 2761 871 2851 Θρᾷκας
893 2760 1062 2852 ὑπελάμῖ

109 2880 219 2961 βανον·
249 2871 345 2957 ᾤκουν
368 2868 399 2938 δ’
415 2873 473 2962 ἐφ’
502 2853 632 2964 Ιἑκοίτερα
654 2882 711 2939 τοῦ
730 2869 847 2962 Ἴστρου
869 2875 920 2937 καὶ
943 2863 1029 2939 οὗτοι

109 2988 167 3052 καὶ
194 2991 222 3050 οἱ
243 2985 343 3050 Μυσοὶ
370 2985 489 3075 Θρᾷκες
518 2981 600 3062 ὄντες
628 2987 680 3051 καὶ
707 2982 796 3049 αὐτοὶ
823 2986 875 3049 καὶ
902 2983 951 3060 οὓς
978 2991 1029 3049 νῦν

108 3095 245 3174 Μοισοὺς
267 3102 419 3178 καλοῦσιν,
442 3102 509 3162 κτλ.

182 3319 213 3392 8,
230 3324 255 3378 1.
274 3324 297 3374 5.
314 3319 420 3390 παρορίᾳ
437 3320 509 3373 Bolr
600 3325 623 3374 ἵ.
641 3321 790 3390 τυρρεγετῶν
807 3319 877 3371 libri.

115 3409 158 3460 11.
174 3402 196 3457 τ’
216 3401 284 3458 αὖτῶ
296 3406 323 3471 0,
340 3404 418 3458 ταῦτα
434 3401 466 3458 τὰ
484 3406 548 3458 libri
564 3421 619 3459 non
636 3405 715 3472 nulli,
731 3399 812 3457 πάντα
824 3404 928 3472 eomes,
946 3392 988 3456 οπι
997 3404 1030 3457 Ε.

185 3494 225 3545 16.
241 3485 330 3545 πάντα.
484 3495 523 3546 17.
541 3507 567 3544 τε
584 3485 730 3560 ἆναπιιίχας,
747 3491 833 3560 φοίβου
849 3507 876 3542 τε
894 3492 964 3544 libri.

115 3580 157 3631 19.
175 3571 307 3647 Σωκράτης
323 3573 352 3646 ἐᾷ’
369 3575 516 3630 Μσίκοίείυσ
533 3579 653 3631 coniecit.
