<?xml version="1.0" encoding="UTF-8"?>
<!DOCTYPE html PUBLIC "-//W3C//DTD XHTML 1.0 Transitional//EN"
    "http://www.w3.org/TR/xhtml1/DTD/xhtml1-transitional.dtd">
<html xmlns="http://www.w3.org/1999/xhtml" xml:lang="en" lang="en">
 <head>
  <title>
</title>
<meta http-equiv="Content-Type" content="text/html;charset=utf-8" />
  <meta name='ocr-system' content='tesseract 3.04.00' />
  <meta name='ocr-capabilities' content='ocr_page ocr_carea ocr_par ocr_line ocrx_word'/>
</head>
<body>
  <div class='ocr_page' id='page_1' title='image "./germaniaantiqua00tacigoog_0112.png"; bbox 0 0 2552 4172; ppageno 0'>
   <div class='ocr_carea' id='block_1_1' title="bbox 390 253 1034 316">
    <p class='ocr_par' dir='ltr' id='par_1_1' title="bbox 390 253 1034 316">
     <span class='ocr_line' id='line_1_1' title="bbox 390 253 1034 316; baseline 0 -8"><span class='ocrx_word' id='word_1_1' title='bbox 390 267 408 308; x_wconf 86' lang='lat' dir='ltr'><strong>n</strong></span> <span class='ocrx_word' id='word_1_2' title='bbox 430 265 517 308; x_wconf 82' lang='lat' dir='ltr'><strong>neuun</strong></span> <span class='ocrx_word' id='word_1_3' title='bbox 538 265 632 309; x_wconf 79' lang='lat' dir='ltr'><strong>nonnis</strong></span> <span class='ocrx_word' id='word_1_4' title='bbox 654 265 764 308; x_wconf 81' lang='lat' dir='ltr'><strong>vr-xt.</strong></span> <span class='ocrx_word' id='word_1_5' title='bbox 993 253 1034 316; x_wconf 84' lang='grc'><strong>99</strong></span> 
     </span>
    </p>
   </div>
   <div class='ocr_carea' id='block_1_2' title="bbox 115 434 1105 2627">
    <p class='ocr_par' dir='ltr' id='par_1_2' title="bbox 118 434 1105 1608">
     <span class='ocr_line' id='line_1_2' title="bbox 123 434 1034 516; baseline 0.004 -20"><span class='ocrx_word' id='word_1_6' title='bbox 123 435 240 496; x_wconf 83' lang='lat' dir='ltr'><strong>fratrem</strong></span> <span class='ocrx_word' id='word_1_7' title='bbox 273 443 427 516; x_wconf 84' lang='lat' dir='ltr'><strong>aegrotum</strong></span> <span class='ocrx_word' id='word_1_8' title='bbox 459 435 490 498; x_wconf 89' lang='lat' dir='ltr'><strong>in</strong></span> <span class='ocrx_word' id='word_1_9' title='bbox 524 434 723 498; x_wconf 82' lang='lat' dir='ltr'>Germaniam.</span> <span class='ocrx_word' id='word_1_10' title='bbox 778 454 812 497; x_wconf 88' lang='lat' dir='ltr'><strong>ea</strong></span> <span class='ocrx_word' id='word_1_11' title='bbox 845 438 969 500; x_wconf 86' lang='lat' dir='ltr'><strong>inerunt</strong></span> <span class='ocrx_word' id='word_1_12' title='bbox 997 440 1034 506; x_wconf 74' lang='lat' dir='ltr'><strong>d’u</strong></span> 
     </span>
     <span class='ocr_line' id='line_1_3' title="bbox 123 565 1105 660; baseline 0 -52"><span class='ocrx_word' id='word_1_13' title='bbox 123 565 270 626; x_wconf 83' lang='lat' dir='ltr'><strong>passuum.</strong></span> <span class='ocrx_word' id='word_1_14' title='bbox 1051 605 1105 660; x_wconf 62' lang='lat' dir='ltr'><strong>vm</strong></span> 
     </span>
     <span class='ocr_line' id='line_1_4' title="bbox 123 655 1084 740; baseline 0 -18"><span class='ocrx_word' id='word_1_15' title='bbox 123 655 190 740; x_wconf 85' lang='lat'>(15)</span> <span class='ocrx_word' id='word_1_16' title='bbox 210 665 376 720; x_wconf 90' lang='lat' dir='ltr'><strong>ceterorum</strong></span> <span class='ocrx_word' id='word_1_17' title='bbox 398 655 579 732; x_wconf 89' lang='lat' dir='ltr'><strong>animalium,</strong></span> <span class='ocrx_word' id='word_1_18' title='bbox 606 676 681 738; x_wconf 85' lang='lat' dir='ltr'><strong>quac</strong></span> <span class='ocrx_word' id='word_1_19' title='bbox 702 658 791 722; x_wconf 91' lang='lat' dir='ltr'><strong>modo</strong></span> <span class='ocrx_word' id='word_1_20' title='bbox 813 666 955 722; x_wconf 90' lang='lat' dir='ltr'><strong>convecta</strong></span> <span class='ocrx_word' id='word_1_21' title='bbox 975 679 1032 722; x_wconf 94' lang='lat' dir='ltr'><strong>un·</strong></span> <span class='ocrx_word' id='word_1_22' title='bbox 1052 677 1084 730; x_wconf 84' lang='lat' dir='ltr'><strong>as</strong></span> 
     </span>
     <span class='ocr_line' id='line_1_5' title="bbox 123 767 1037 849; baseline 0.004 -19"><span class='ocrx_word' id='word_1_23' title='bbox 123 769 209 848; x_wconf 85' lang='lat' dir='ltr'><strong>dique</strong></span> <span class='ocrx_word' id='word_1_24' title='bbox 229 768 341 830; x_wconf 89' lang='lat' dir='ltr'><strong>ltaliam</strong></span> <span class='ocrx_word' id='word_1_25' title='bbox 364 767 517 847; x_wconf 82' lang='lat' dir='ltr'><strong>contigere</strong></span> <span class='ocrx_word' id='word_1_26' title='bbox 538 768 672 849; x_wconf 90' lang='lat' dir='ltr'><strong>saepius,</strong></span> <span class='ocrx_word' id='word_1_27' title='bbox 699 771 809 833; x_wconf 86' lang='lat' dir='ltr'><strong>formas</strong></span> <span class='ocrx_word' id='word_1_28' title='bbox 837 769 910 832; x_wconf 91' lang='lat' dir='ltr'><strong>nihil</strong></span> <span class='ocrx_word' id='word_1_29' title='bbox 931 771 1037 834; x_wconf 85' lang='lat' dir='ltr'><strong>attinet</strong></span> 
     </span>
     <span class='ocr_line' id='line_1_6' title="bbox 122 879 1036 962; baseline 0 -20"><span class='ocrx_word' id='word_1_30' title='bbox 122 879 292 961; x_wconf 83' lang='lat' dir='ltr'><strong>scrupulose</strong></span> <span class='ocrx_word' id='word_1_31' title='bbox 314 879 435 941; x_wconf 84' lang='lat' dir='ltr'><strong>referre.</strong></span> <span class='ocrx_word' id='word_1_32' title='bbox 479 879 654 958; x_wconf 90' lang='lat' dir='ltr'><strong>paucissima</strong></span> <span class='ocrx_word' id='word_1_33' title='bbox 676 880 794 961; x_wconf 77' lang='lat' dir='ltr'><strong>Scythia</strong></span> <span class='ocrx_word' id='word_1_34' title='bbox 820 881 915 962; x_wconf 78' lang='lat' dir='ltr'><strong>gignit</strong></span> <span class='ocrx_word' id='word_1_35' title='bbox 936 881 1036 962; x_wconf 92' lang='lat' dir='ltr'><strong>inopia</strong></span> 
     </span>
     <span class='ocr_line' id='line_1_7' title="bbox 121 989 1036 1072; baseline 0.002 -20"><span class='ocrx_word' id='word_1_36' title='bbox 121 991 272 1064; x_wconf 75' lang='lat' dir='ltr'><strong>fruticum,</strong></span> <span class='ocrx_word' id='word_1_37' title='bbox 304 1007 397 1070; x_wconf 93' lang='lat' dir='ltr'><strong>pauca</strong></span> <span class='ocrx_word' id='word_1_38' title='bbox 426 989 613 1052; x_wconf 84' lang='lat' dir='ltr'><strong>contermina</strong></span> <span class='ocrx_word' id='word_1_39' title='bbox 638 990 680 1054; x_wconf 90' lang='lat' dir='ltr'><strong>illi</strong></span> <span class='ocrx_word' id='word_1_40' title='bbox 707 991 880 1068; x_wconf 82' lang='lat' dir='ltr'><strong>Germania,</strong></span> <span class='ocrx_word' id='word_1_41' title='bbox 907 990 1036 1072; x_wconf 83' lang='lat' dir='ltr'><strong>insignia</strong></span> 
     </span>
     <span class='ocr_line' id='line_1_8' title="bbox 121 1100 1064 1180; baseline -0.003 -17"><span class='ocrx_word' id='word_1_42' title='bbox 121 1109 217 1164; x_wconf 89' lang='lat' dir='ltr'><strong>tamen</strong></span> <span class='ocrx_word' id='word_1_43' title='bbox 245 1100 338 1163; x_wconf 86' lang='lat' dir='ltr'><strong>boum</strong></span> <span class='ocrx_word' id='word_1_44' title='bbox 364 1102 498 1164; x_wconf 85' lang='lat' dir='ltr'><strong>ferorum</strong></span> <span class='ocrx_word' id='word_1_45' title='bbox 523 1119 647 1180; x_wconf 80' lang='lat' dir='ltr'><strong>genera,</strong></span> <span class='ocrx_word' id='word_1_46' title='bbox 681 1102 797 1164; x_wconf 90' lang='lat' dir='ltr'><strong>iubatos</strong></span> <span class='ocrx_word' id='word_1_47' title='bbox 822 1102 955 1164; x_wconf 83' lang='lat' dir='ltr'><strong>bisontes</strong></span> <span class='ocrx_word' id='word_1_48' title='bbox 984 1119 1064 1166; x_wconf 81' lang='lat' dir='ltr'><strong>ert-o</strong></span> 
     </span>
     <span class='ocr_line' id='line_1_9' title="bbox 122 1211 1036 1295; baseline 0.004 -21"><span class='ocrx_word' id='word_1_49' title='bbox 122 1212 299 1292; x_wconf 87' lang='lat' dir='ltr'><strong>cellentique</strong></span> <span class='ocrx_word' id='word_1_50' title='bbox 328 1219 357 1274; x_wconf 89' lang='lat' dir='ltr'><strong>et</strong></span> <span class='ocrx_word' id='word_1_51' title='bbox 378 1212 406 1274; x_wconf 93' lang='lat' dir='ltr'><strong>vi</strong></span> <span class='ocrx_word' id='word_1_52' title='bbox 434 1219 464 1273; x_wconf 92' lang='lat' dir='ltr'><strong>et</strong></span> <span class='ocrx_word' id='word_1_53' title='bbox 488 1211 642 1274; x_wconf 87' lang='lat' dir='ltr'><strong>velocitate</strong></span> <span class='ocrx_word' id='word_1_54' title='bbox 671 1231 757 1289; x_wconf 89' lang='lat' dir='ltr'><strong>uros,</strong></span> <span class='ocrx_word' id='word_1_55' title='bbox 788 1213 896 1293; x_wconf 90' lang='lat' dir='ltr'><strong>quibus</strong></span> <span class='ocrx_word' id='word_1_56' title='bbox 923 1215 1036 1295; x_wconf 88' lang='lat' dir='ltr'><strong>inperi-</strong></span> 
     </span>
     <span class='ocr_line' id='line_1_10' title="bbox 121 1322 1035 1407; baseline 0 -21"><span class='ocrx_word' id='word_1_57' title='bbox 121 1333 182 1386; x_wconf 89' lang='lat' dir='ltr'><strong>tum</strong></span> <span class='ocrx_word' id='word_1_58' title='bbox 203 1324 307 1402; x_wconf 86' lang='lat' dir='ltr'><strong>volgus</strong></span> <span class='ocrx_word' id='word_1_59' title='bbox 336 1322 513 1386; x_wconf 89' lang='lat' dir='ltr'><strong>bubalorum</strong></span> <span class='ocrx_word' id='word_1_60' title='bbox 541 1341 652 1386; x_wconf 88' lang='lat' dir='ltr'><strong>nomen</strong></span> <span class='ocrx_word' id='word_1_61' title='bbox 680 1324 812 1404; x_wconf 84' lang='lat' dir='ltr'><strong>inponit,</strong></span> <span class='ocrx_word' id='word_1_62' title='bbox 842 1343 910 1387; x_wconf 93' lang='lat' dir='ltr'><strong>cum</strong></span> <span class='ocrx_word' id='word_1_63' title='bbox 938 1325 969 1389; x_wconf 92' lang='lat' dir='ltr'><strong>id</strong></span> <span class='ocrx_word' id='word_1_64' title='bbox 991 1327 1035 1407; x_wconf 84' lang='lat' dir='ltr'><strong>gi·</strong></span> 
     </span>
     <span class='ocr_line' id='line_1_11' title="bbox 119 1433 1035 1516; baseline 0.004 -20"><span class='ocrx_word' id='word_1_65' title='bbox 119 1443 190 1516; x_wconf 85' lang='lat' dir='ltr'><strong>gnat</strong></span> <span class='ocrx_word' id='word_1_66' title='bbox 224 1434 323 1497; x_wconf 75' lang='lat' dir='ltr'><strong>Africa</strong></span> <span class='ocrx_word' id='word_1_67' title='bbox 355 1433 437 1496; x_wconf 92' lang='lat' dir='ltr'><strong>vituli</strong></span> <span class='ocrx_word' id='word_1_68' title='bbox 469 1433 569 1515; x_wconf 90' lang='lat' dir='ltr'><strong>potius</strong></span> <span class='ocrx_word' id='word_1_69' title='bbox 601 1433 739 1514; x_wconf 90' lang='lat' dir='ltr'><strong>cervique</strong></span> <span class='ocrx_word' id='word_1_70' title='bbox 776 1435 901 1514; x_wconf 83' lang='lat' dir='ltr'><strong>qttadam</strong></span> <span class='ocrx_word' id='word_1_71' title='bbox 933 1436 1035 1500; x_wconf 91' lang='lat' dir='ltr'><strong>simili-</strong></span> 
     </span>
     <span class='ocr_line' id='line_1_12' title="bbox 118 1545 231 1608; baseline -0.018 0"><span class='ocrx_word' id='word_1_72' title='bbox 118 1545 231 1608; x_wconf 91' lang='lat' dir='ltr'><strong>tudine.</strong></span> 
     </span>
    </p>

    <p class='ocr_par' dir='ltr' id='par_1_3' title="bbox 115 1656 1084 2627">
     <span class='ocr_line' id='line_1_13' title="bbox 116 1656 1084 1736; baseline -0.005 -14"><span class='ocrx_word' id='word_1_73' title='bbox 116 1659 183 1734; x_wconf 78' lang='lat'><strong>(16)</strong></span> <span class='ocrx_word' id='word_1_74' title='bbox 212 1656 376 1736; x_wconf 78' lang='lat' dir='ltr'><strong>septentrio</strong></span> <span class='ocrx_word' id='word_1_75' title='bbox 417 1658 476 1719; x_wconf 86' lang='lat' dir='ltr'><strong>lert</strong></span> <span class='ocrx_word' id='word_1_76' title='bbox 507 1664 537 1718; x_wconf 92' lang='lat' dir='ltr'><strong>et</strong></span> <span class='ocrx_word' id='word_1_77' title='bbox 569 1674 715 1736; x_wconf 88' lang='lat' dir='ltr'><strong>equorum</strong></span> <span class='ocrx_word' id='word_1_78' title='bbox 751 1674 856 1736; x_wconf 81' lang='lat' dir='ltr'><strong>greges</strong></span> <span class='ocrx_word' id='word_1_79' title='bbox 892 1657 1033 1736; x_wconf 85' lang='lat' dir='ltr'><strong>tororum,</strong></span> <span class='ocrx_word' id='word_1_80' title='bbox 1052 1666 1084 1718; x_wconf 84' lang='lat'><strong>39</strong></span> 
     </span>
     <span class='ocr_line' id='line_1_14' title="bbox 115 1767 1033 1848; baseline -0.001 -17"><span class='ocrx_word' id='word_1_81' title='bbox 115 1769 194 1832; x_wconf 86' lang='lat' dir='ltr'><strong>sicut</strong></span> <span class='ocrx_word' id='word_1_82' title='bbox 220 1767 372 1830; x_wconf 90' lang='lat' dir='ltr'><strong>asinorum</strong></span> <span class='ocrx_word' id='word_1_83' title='bbox 398 1767 465 1830; x_wconf 74' lang='lat' dir='ltr'><strong>Asia</strong></span> <span class='ocrx_word' id='word_1_84' title='bbox 495 1776 525 1829; x_wconf 87' lang='lat' dir='ltr'><strong>et</strong></span> <span class='ocrx_word' id='word_1_85' title='bbox 551 1767 664 1844; x_wconf 81' lang='lat' dir='ltr'><strong>Africa,</strong></span> <span class='ocrx_word' id='word_1_86' title='bbox 693 1775 846 1848; x_wconf 88' lang='lat' dir='ltr'><strong>praeterea</strong></span> <span class='ocrx_word' id='word_1_87' title='bbox 874 1767 957 1829; x_wconf 91' lang='lat' dir='ltr'><strong>alcen</strong></span> <span class='ocrx_word' id='word_1_88' title='bbox 987 1769 1033 1830; x_wconf 92' lang='lat' dir='ltr'><strong>iu·</strong></span> 
     </span>
     <span class='ocr_line' id='line_1_15' title="bbox 115 1877 1033 1958; baseline -0.001 -16"><span class='ocrx_word' id='word_1_89' title='bbox 115 1897 212 1942; x_wconf 92' lang='lat' dir='ltr'><strong>venco</strong></span> <span class='ocrx_word' id='word_1_90' title='bbox 248 1879 390 1952; x_wconf 87' lang='lat' dir='ltr'><strong>similem,</strong></span> <span class='ocrx_word' id='word_1_91' title='bbox 428 1877 460 1940; x_wconf 90' lang='lat' dir='ltr'><strong>ni</strong></span> <span class='ocrx_word' id='word_1_92' title='bbox 495 1879 658 1958; x_wconf 81' lang='lat' dir='ltr'><strong>proceritas</strong></span> <span class='ocrx_word' id='word_1_93' title='bbox 694 1877 809 1940; x_wconf 91' lang='lat' dir='ltr'><strong>aurium</strong></span> <span class='ocrx_word' id='word_1_94' title='bbox 845 1887 875 1940; x_wconf 91' lang='lat' dir='ltr'><strong>et</strong></span> <span class='ocrx_word' id='word_1_95' title='bbox 910 1878 1033 1941; x_wconf 88' lang='lat' dir='ltr'><strong>cervicis</strong></span> 
     </span>
     <span class='ocr_line' id='line_1_16' title="bbox 115 1988 1033 2071; baseline -0.002 -19"><span class='ocrx_word' id='word_1_96' title='bbox 115 1991 292 2071; x_wconf 86' lang='lat' dir='ltr'><strong>distinguat,</strong></span> <span class='ocrx_word' id='word_1_97' title='bbox 328 1990 398 2051; x_wconf 91' lang='lat' dir='ltr'><strong>item</strong></span> <span class='ocrx_word' id='word_1_98' title='bbox 436 1997 534 2050; x_wconf 90' lang='lat' dir='ltr'><strong>natam</strong></span> <span class='ocrx_word' id='word_1_99' title='bbox 569 1990 601 2051; x_wconf 92' lang='lat' dir='ltr'><strong>in</strong></span> <span class='ocrx_word' id='word_1_100' title='bbox 639 1989 808 2052; x_wconf 84' lang='lat' dir='ltr'><strong>Scadinavia</strong></span> <span class='ocrx_word' id='word_1_101' title='bbox 843 1988 939 2051; x_wconf 86' lang='lat' dir='ltr'><strong>insula</strong></span> <span class='ocrx_word' id='word_1_102' title='bbox 975 2007 1033 2050; x_wconf 88' lang='lat' dir='ltr'><strong>nec</strong></span> 
     </span>
     <span class='ocr_line' id='line_1_17' title="bbox 116 2099 1062 2181; baseline -0.008 -16"><span class='ocrx_word' id='word_1_103' title='bbox 116 2119 261 2181; x_wconf 89' lang='lat' dir='ltr'><strong>umquam</strong></span> <span class='ocrx_word' id='word_1_104' title='bbox 281 2100 370 2162; x_wconf 90' lang='lat' dir='ltr'><strong>visam</strong></span> <span class='ocrx_word' id='word_1_105' title='bbox 392 2099 423 2161; x_wconf 90' lang='lat' dir='ltr'><strong>in</strong></span> <span class='ocrx_word' id='word_1_106' title='bbox 445 2099 501 2163; x_wconf 91' lang='lat' dir='ltr'><strong>hac</strong></span> <span class='ocrx_word' id='word_1_107' title='bbox 522 2099 611 2176; x_wconf 91' lang='lat' dir='ltr'><strong>urbe,</strong></span> <span class='ocrx_word' id='word_1_108' title='bbox 639 2101 738 2164; x_wconf 85' lang='lat' dir='ltr'><strong>multis</strong></span> <span class='ocrx_word' id='word_1_109' title='bbox 764 2109 861 2164; x_wconf 89' lang='lat' dir='ltr'><strong>tamen</strong></span> <span class='ocrx_word' id='word_1_110' title='bbox 885 2108 1062 2162; x_wconf 84' lang='lat' dir='ltr'><strong>narratamc</strong></span> 
     </span>
     <span class='ocr_line' id='line_1_18' title="bbox 116 2209 1032 2292; baseline -0.001 -18"><span class='ocrx_word' id='word_1_111' title='bbox 116 2211 217 2274; x_wconf 92' lang='lat' dir='ltr'><strong>achlin</strong></span> <span class='ocrx_word' id='word_1_112' title='bbox 250 2211 327 2273; x_wconf 92' lang='lat' dir='ltr'><strong>haud</strong></span> <span class='ocrx_word' id='word_1_113' title='bbox 359 2209 529 2272; x_wconf 89' lang='lat' dir='ltr'><strong>dissimilem</strong></span> <span class='ocrx_word' id='word_1_114' title='bbox 555 2211 612 2286; x_wconf 92' lang='lat' dir='ltr'><strong>illi,</strong></span> <span class='ocrx_word' id='word_1_115' title='bbox 646 2213 697 2275; x_wconf 91' lang='lat' dir='ltr'><strong>sed</strong></span> <span class='ocrx_word' id='word_1_116' title='bbox 727 2213 809 2275; x_wconf 93' lang='lat' dir='ltr'><strong>nullo</strong></span> <span class='ocrx_word' id='word_1_117' title='bbox 838 2211 1032 2292; x_wconf 77' lang='lat' dir='ltr'><strong>suffraginum</strong></span> 
     </span>
     <span class='ocr_line' id='line_1_19' title="bbox 116 2322 1033 2402; baseline 0.001 -17"><span class='ocrx_word' id='word_1_118' title='bbox 116 2325 212 2398; x_wconf 82' lang='lat' dir='ltr'><strong>flexu,</strong></span> <span class='ocrx_word' id='word_1_119' title='bbox 241 2322 367 2402; x_wconf 81' lang='lat' dir='ltr'><strong>ideoque</strong></span> <span class='ocrx_word' id='word_1_120' title='bbox 400 2340 463 2383; x_wconf 92' lang='lat' dir='ltr'><strong>non</strong></span> <span class='ocrx_word' id='word_1_121' title='bbox 496 2322 653 2386; x_wconf 87' lang='lat' dir='ltr'><strong>cubantem</strong></span> <span class='ocrx_word' id='word_1_122' title='bbox 676 2323 734 2386; x_wconf 88' lang='lat' dir='ltr'><strong>&#39;sed</strong></span> <span class='ocrx_word' id='word_1_123' title='bbox 762 2324 908 2388; x_wconf 81' lang='lat' dir='ltr'><strong>adclinem</strong></span> <span class='ocrx_word' id='word_1_124' title='bbox 934 2323 1033 2386; x_wconf 91' lang='lat' dir='ltr'><strong>arbori</strong></span> 
     </span>
     <span class='ocr_line' id='line_1_20' title="bbox 117 2432 1032 2516; baseline -0.001 -19"><span class='ocrx_word' id='word_1_125' title='bbox 117 2435 150 2497; x_wconf 94' lang='lat' dir='ltr'><strong>in</strong></span> <span class='ocrx_word' id='word_1_126' title='bbox 179 2452 285 2496; x_wconf 90' lang='lat' dir='ltr'><strong>somno</strong></span> <span class='ocrx_word' id='word_1_127' title='bbox 314 2451 407 2512; x_wconf 87' lang='lat' dir='ltr'><strong>eaque</strong></span> <span class='ocrx_word' id='word_1_128' title='bbox 432 2432 526 2495; x_wconf 91' lang='lat' dir='ltr'><strong>incisa</strong></span> <span class='ocrx_word' id='word_1_129' title='bbox 552 2434 588 2496; x_wconf 88' lang='lat' dir='ltr'><strong>ad</strong></span> <span class='ocrx_word' id='word_1_130' title='bbox 610 2435 731 2497; x_wconf 89' lang='lat' dir='ltr'><strong>insidias</strong></span> <span class='ocrx_word' id='word_1_131' title='bbox 751 2437 832 2516; x_wconf 90' lang='lat' dir='ltr'><strong>capi,</strong></span> <span class='ocrx_word' id='word_1_132' title='bbox 862 2435 932 2498; x_wconf 87' lang='lat' dir='ltr'><strong>alias</strong></span> <span class='ocrx_word' id='word_1_133' title='bbox 952 2435 1032 2497; x_wconf 93' lang='lat' dir='ltr'><strong>velo-</strong></span> 
     </span>
     <span class='ocr_line' id='line_1_21' title="bbox 116 2543 1032 2627; baseline -0.002 -19"><span class='ocrx_word' id='word_1_134' title='bbox 116 2544 214 2608; x_wconf 86' lang='lat' dir='ltr'><strong>citatis</strong></span> <span class='ocrx_word' id='word_1_135' title='bbox 242 2552 431 2607; x_wconf 89' lang='lat' dir='ltr'><strong>memoratae.</strong></span> <span class='ocrx_word' id='word_1_136' title='bbox 480 2543 597 2608; x_wconf 90' lang='lat' dir='ltr'><strong>labrum</strong></span> <span class='ocrx_word' id='word_1_137' title='bbox 623 2546 650 2609; x_wconf 89' lang='lat' dir='ltr'><strong>ei</strong></span> <span class='ocrx_word' id='word_1_138' title='bbox 677 2546 814 2627; x_wconf 90' lang='lat' dir='ltr'><strong>superius</strong></span> <span class='ocrx_word' id='word_1_139' title='bbox 839 2545 1032 2626; x_wconf 82' lang='lat' dir='ltr'><strong>praegrande.</strong></span> 
     </span>
    </p>
   </div>
   <div class='ocr_carea' id='block_1_3' title="bbox 117 2788 1070 3539">
    <p class='ocr_par' dir='ltr' id='par_1_4' title="bbox 117 2788 1070 3370">
     <span class='ocr_line' id='line_1_22' title="bbox 188 2788 1034 2857; baseline 0.001 -16"><span class='ocrx_word' id='word_1_140' title='bbox 188 2792 235 2854; x_wconf 89' lang='lat'><strong>38,</strong></span> <span class='ocrx_word' id='word_1_141' title='bbox 254 2792 278 2842; x_wconf 84' lang='lat'><strong>2.</strong></span> <span class='ocrx_word' id='word_1_142' title='bbox 294 2789 366 2842; x_wconf 84' lang='lat' dir='ltr'><strong>italia</strong></span> <span class='ocrx_word' id='word_1_143' title='bbox 385 2790 456 2842; x_wconf 78' lang='lat' dir='ltr'><strong>libri.</strong></span> <span class='ocrx_word' id='word_1_144' title='bbox 498 2789 646 2856; x_wconf 78' lang='lat' dir='ltr'><strong>contingere</strong></span> <span class='ocrx_word' id='word_1_145' title='bbox 663 2789 745 2842; x_wconf 67' lang='grc' dir='ltr'><strong>ΗΒΕ.</strong></span> <span class='ocrx_word' id='word_1_146' title='bbox 823 2793 847 2844; x_wconf 82' lang='lat'><strong>5.</strong></span> <span class='ocrx_word' id='word_1_147' title='bbox 865 2788 975 2842; x_wconf 79' lang='lat' dir='ltr'><strong>Solinus</strong></span> <span class='ocrx_word' id='word_1_148' title='bbox 992 2793 1034 2857; x_wconf 76' lang='lat'><strong>20,</strong></span> 
     </span>
     <span class='ocr_line' id='line_1_23' title="bbox 118 2874 1070 2950; baseline -0.003 -20"><span class='ocrx_word' id='word_1_149' title='bbox 118 2879 136 2930; x_wconf 83' lang='lat'>4</span> <span class='ocrx_word' id='word_1_150' title='bbox 153 2876 181 2927; x_wconf 92' lang='lat' dir='ltr'><strong>in</strong></span> <span class='ocrx_word' id='word_1_151' title='bbox 199 2874 269 2928; x_wconf 91' lang='lat' dir='ltr'><strong>omni</strong></span> <span class='ocrx_word' id='word_1_152' title='bbox 287 2875 470 2942; x_wconf 84' lang='lat' dir='ltr'><strong>septentrionis</strong></span> <span class='ocrx_word' id='word_1_153' title='bbox 486 2875 564 2946; x_wconf 76' lang='lat' dir='ltr'><strong>plaga</strong></span> <span class='ocrx_word' id='word_1_154' title='bbox 575 2874 692 2928; x_wconf 84' lang='lat' dir='ltr'><strong>visontes</strong></span> <span class='ocrx_word' id='word_1_155' title='bbox 704 2874 913 2943; x_wconf 81' lang='lat' dir='ltr'><strong>frequentissimi,</strong></span> <span class='ocrx_word' id='word_1_156' title='bbox 931 2875 975 2944; x_wconf 89' lang='lat' dir='ltr'><strong>qni</strong></span> <span class='ocrx_word' id='word_1_157' title='bbox 988 2876 1034 2927; x_wconf 88' lang='lat' dir='ltr'><strong>bo-</strong></span> <span class='ocrx_word' id='word_1_158' title='bbox 1069 2945 1070 2950; x_wconf 7' lang='grc' dir='ltr'>ἵ</span> 
     </span>
     <span class='ocr_line' id='line_1_24' title="bbox 118 2959 1034 3026; baseline -0.001 -13"><span class='ocrx_word' id='word_1_159' title='bbox 118 2961 159 3014; x_wconf 80' lang='lat' dir='ltr'><strong>vis</strong></span> <span class='ocrx_word' id='word_1_160' title='bbox 185 2961 232 3014; x_wconf 87' lang='lat' dir='ltr'><strong>ieri</strong></span> <span class='ocrx_word' id='word_1_161' title='bbox 256 2959 362 3026; x_wconf 89' lang='lat' dir='ltr'><strong>similes,</strong></span> <span class='ocrx_word' id='word_1_162' title='bbox 390 2961 486 3013; x_wconf 89' lang='lat' dir='ltr'><strong>saetosi</strong></span> <span class='ocrx_word' id='word_1_163' title='bbox 513 2959 594 3026; x_wconf 93' lang='lat' dir='ltr'><strong>colla,</strong></span> <span class='ocrx_word' id='word_1_164' title='bbox 620 2959 694 3012; x_wconf 89' lang='lat' dir='ltr'><strong>iubas</strong></span> <span class='ocrx_word' id='word_1_165' title='bbox 724 2959 830 3026; x_wconf 86' lang='lat' dir='ltr'><strong>horridi,</strong></span> <span class='ocrx_word' id='word_1_166' title='bbox 856 2959 923 3012; x_wconf 91' lang='lat' dir='ltr'><strong>ultra</strong></span> <span class='ocrx_word' id='word_1_167' title='bbox 946 2963 1034 3013; x_wconf 85' lang='lat' dir='ltr'><strong>tauros</strong></span> 
     </span>
     <span class='ocr_line' id='line_1_25' title="bbox 118 3043 1034 3114; baseline -0.002 -16"><span class='ocrx_word' id='word_1_168' title='bbox 118 3045 280 3114; x_wconf 84' lang='lat' dir='ltr'><strong>pernicitate,</strong></span> <span class='ocrx_word' id='word_1_169' title='bbox 299 3045 368 3112; x_wconf 87' lang='lat' dir='ltr'><strong>eapti</strong></span> <span class='ocrx_word' id='word_1_170' title='bbox 387 3045 538 3098; x_wconf 83' lang='lat' dir='ltr'><strong>adsuescere</strong></span> <span class='ocrx_word' id='word_1_171' title='bbox 556 3060 633 3098; x_wconf 88' lang='lat' dir='ltr'><strong>manu</strong></span> <span class='ocrx_word' id='word_1_172' title='bbox 650 3044 775 3098; x_wconf 80' lang='lat' dir='ltr'><strong>nesciunt</strong></span> <span class='ocrx_word' id='word_1_173' title='bbox 877 3047 901 3098; x_wconf 88' lang='grc'><strong>6.</strong></span> <span class='ocrx_word' id='word_1_174' title='bbox 919 3047 946 3096; x_wconf 88' lang='lat' dir='ltr'><strong>et</strong></span> <span class='ocrx_word' id='word_1_175' title='bbox 963 3043 990 3096; x_wconf 92' lang='lat' dir='ltr'><strong>ui</strong></span> <span class='ocrx_word' id='word_1_176' title='bbox 1008 3047 1034 3097; x_wconf 89' lang='lat' dir='ltr'><strong>et</strong></span> 
     </span>
     <span class='ocr_line' id='line_1_26' title="bbox 117 3129 1033 3198; baseline 0.001 -14"><span class='ocrx_word' id='word_1_177' title='bbox 117 3131 199 3196; x_wconf 68' lang='lat' dir='ltr'><strong>W,</strong></span> <span class='ocrx_word' id='word_1_178' title='bbox 216 3131 243 3184; x_wconf 90' lang='lat' dir='ltr'><strong>ui</strong></span> <span class='ocrx_word' id='word_1_179' title='bbox 262 3130 326 3196; x_wconf 76' lang='lat' dir='ltr'><strong>elli,</strong></span> <span class='ocrx_word' id='word_1_180' title='bbox 344 3133 371 3183; x_wconf 88' lang='lat' dir='ltr'><strong>et</strong></span> <span class='ocrx_word' id='word_1_181' title='bbox 387 3130 458 3183; x_wconf 89' lang='lat' dir='ltr'><strong>uictu</strong></span> <span class='ocrx_word' id='word_1_182' title='bbox 468 3131 502 3194; x_wconf 88' lang='lat' dir='ltr'><strong>D,</strong></span> <span class='ocrx_word' id='word_1_183' title='bbox 520 3133 547 3182; x_wconf 93' lang='lat' dir='ltr'><strong>et</strong></span> <span class='ocrx_word' id='word_1_184' title='bbox 564 3129 662 3198; x_wconf 70' lang='lat' dir='ltr'><strong>nitito.</strong></span> <span class='ocrx_word' id='word_1_185' title='bbox 697 3133 757 3183; x_wconf 89' lang='lat' dir='ltr'><strong>sunt</strong></span> <span class='ocrx_word' id='word_1_186' title='bbox 774 3132 801 3182; x_wconf 88' lang='lat' dir='ltr'><strong>et</strong></span> <span class='ocrx_word' id='word_1_187' title='bbox 817 3129 856 3182; x_wconf 91' lang='lat' dir='ltr'><strong>uri</strong></span> <span class='ocrx_word' id='word_1_188' title='bbox 872 3129 981 3180; x_wconf 75' lang='lat' dir='ltr'><strong>Solinus</strong></span> <span class='ocrx_word' id='word_1_189' title='bbox 992 3133 1033 3197; x_wconf 81' lang='lat'><strong>20,</strong></span> 
     </span>
     <span class='ocr_line' id='line_1_27' title="bbox 120 3213 1032 3283; baseline -0.003 -13"><span class='ocrx_word' id='word_1_190' title='bbox 120 3221 151 3282; x_wconf 85' lang='lat'><strong>5,</strong></span> <span class='ocrx_word' id='word_1_191' title='bbox 168 3217 238 3269; x_wconf 89' lang='lat' dir='ltr'><strong>nisos</strong></span> <span class='ocrx_word' id='word_1_192' title='bbox 252 3215 379 3268; x_wconf 66' lang='lat' dir='ltr'><strong>nunno.</strong></span> <span class='ocrx_word' id='word_1_193' title='bbox 490 3216 513 3267; x_wconf 86' lang='lat'><strong>8.</strong></span> <span class='ocrx_word' id='word_1_194' title='bbox 532 3215 652 3283; x_wconf 90' lang='lat' dir='ltr'><strong>cervique</strong></span> <span class='ocrx_word' id='word_1_195' title='bbox 671 3213 954 3280; x_wconf 51' lang='lat' dir='ltr'><strong>dalmacium-ceruice</strong></span> <span class='ocrx_word' id='word_1_196' title='bbox 971 3215 1032 3280; x_wconf 71' lang='lat' dir='ltr'><strong>(ae)</strong></span> 
     </span>
     <span class='ocr_line' id='line_1_28' title="bbox 118 3299 593 3370; baseline -0.002 -16"><span class='ocrx_word' id='word_1_197' title='bbox 118 3301 188 3367; x_wconf 57' lang='grc' dir='ltr'><strong>ΕΡ,</strong></span> <span class='ocrx_word' id='word_1_198' title='bbox 206 3301 374 3370; x_wconf 86' lang='lat' dir='ltr'><strong>cernicequae</strong></span> <span class='ocrx_word' id='word_1_199' title='bbox 391 3301 520 3368; x_wconf 69' lang='lat' dir='ltr'><strong>(nequae)</strong></span> <span class='ocrx_word' id='word_1_200' title='bbox 538 3299 593 3353; x_wconf 67' lang='lat' dir='ltr'><strong>Dte.</strong></span> 
     </span>
    </p>

    <p class='ocr_par' dir='ltr' id='par_1_5' title="bbox 119 3382 1034 3539">
     <span class='ocr_line' id='line_1_29' title="bbox 186 3382 1034 3452; baseline -0.002 -11"><span class='ocrx_word' id='word_1_201' title='bbox 186 3389 232 3452; x_wconf 86' lang='lat'><strong>39,</strong></span> <span class='ocrx_word' id='word_1_202' title='bbox 256 3386 412 3439; x_wconf 65' lang='lat' dir='ltr'><strong>Ziumento</strong></span> <span class='ocrx_word' id='word_1_203' title='bbox 429 3386 512 3438; x_wconf 58' lang='grc' dir='ltr'><strong>ΗΕΒ.</strong></span> <span class='ocrx_word' id='word_1_204' title='bbox 622 3389 646 3439; x_wconf 88' lang='grc'><strong>4.</strong></span> <span class='ocrx_word' id='word_1_205' title='bbox 664 3385 828 3438; x_wconf 77' lang='lat' dir='ltr'><strong>scandinavia</strong></span> <span class='ocrx_word' id='word_1_206' title='bbox 842 3383 880 3440; x_wconf 81' lang='lat' dir='ltr'><strong>ll?</strong></span> <span class='ocrx_word' id='word_1_207' title='bbox 903 3382 1034 3450; x_wconf 69' lang='lat' dir='ltr'><strong>Gergovia</strong></span> 
     </span>
     <span class='ocr_line' id='line_1_30' title="bbox 119 3469 1034 3539; baseline -0.002 -13"><span class='ocrx_word' id='word_1_208' title='bbox 119 3472 227 3526; x_wconf 75' lang='lat' dir='ltr'><strong>Solinus</strong></span> <span class='ocrx_word' id='word_1_209' title='bbox 245 3475 286 3538; x_wconf 82' lang='lat'><strong>20,</strong></span> <span class='ocrx_word' id='word_1_210' title='bbox 305 3476 329 3524; x_wconf 81' lang='lat' dir='ltr'><strong>l.</strong></span> <span class='ocrx_word' id='word_1_211' title='bbox 404 3476 428 3525; x_wconf 81' lang='lat'><strong>5.</strong></span> <span class='ocrx_word' id='word_1_212' title='bbox 447 3472 497 3524; x_wconf 87' lang='lat' dir='ltr'><strong>hoc</strong></span> <span class='ocrx_word' id='word_1_213' title='bbox 514 3471 576 3523; x_wconf 87' lang='lat' dir='ltr'><strong>orbe</strong></span> <span class='ocrx_word' id='word_1_214' title='bbox 593 3470 675 3539; x_wconf 65' lang='lat' dir='ltr'><strong>W,</strong></span> <span class='ocrx_word' id='word_1_215' title='bbox 693 3471 743 3524; x_wconf 90' lang='lat' dir='ltr'><strong>hoc</strong></span> <span class='ocrx_word' id='word_1_216' title='bbox 760 3469 822 3522; x_wconf 84' lang='lat' dir='ltr'><strong>urbe</strong></span> <span class='ocrx_word' id='word_1_217' title='bbox 834 3471 867 3522; x_wconf 87' lang='lat' dir='ltr'><strong>D.</strong></span> <span class='ocrx_word' id='word_1_218' title='bbox 946 3473 969 3524; x_wconf 89' lang='grc'><strong>6.</strong></span> <span class='ocrx_word' id='word_1_219' title='bbox 988 3471 1034 3524; x_wconf 88' lang='lat' dir='ltr'><strong>sed</strong></span> 
     </span>
    </p>
   </div>
   <div class='ocr_carea' id='block_1_4' title="bbox 118 3557 237 3626">
    <p class='ocr_par' dir='ltr' id='par_1_6' title="bbox 118 3557 237 3626">
     <span class='ocr_line' id='line_1_31' title="bbox 118 3557 237 3626; baseline -0.008 -16"><span class='ocrx_word' id='word_1_220' title='bbox 118 3557 237 3626; x_wconf 67' lang='lat' dir='ltr'><strong>netu.</strong></span> 
     </span>
    </p>
   </div>
   <div class='ocr_carea' id='block_1_5' title="bbox 847 3640 885 3692">
    <p class='ocr_par' dir='ltr' id='par_1_7' title="bbox 847 3640 885 3692">
     <span class='ocr_line' id='line_1_32' title="bbox 847 3640 885 3692; baseline 0 -18"><span class='ocrx_word' id='word_1_221' title='bbox 847 3640 885 3692; x_wconf 58' lang='grc' dir='ltr'><strong>Ἰ*</strong></span> 
     </span>
    </p>
   </div>
   <div class='ocr_carea' id='block_1_6' title="bbox 0 0 1280 4172">
    <p class='ocr_par' dir='ltr' id='par_1_8' title="bbox 0 0 1280 4172">
     <span class='ocr_line' id='line_1_33' title="bbox 0 0 1280 4172; baseline 0 1"><span class='ocrx_word' id='word_1_222' title='bbox 0 0 1280 4172; x_wconf 95' lang='lat' dir='ltr'><strong> </strong></span> 
     </span>
    </p>
   </div>
  </div>
 </body>
</html>
