2552 4172
426 240 553 284 uramur
575 239 661 284 urano
683 240 721 284 rr.
990 225 1031 286 89

117 429 165 474 ora
193 417 275 472 tanta
304 418 376 474 sunt
401 417 436 470 ut
460 407 604 489 prodatur
626 409 658 472 in
678 409 718 472 ῑι
739 426 880 491 passuum
902 408 1031 490 longitu-

115 521 189 584 dinis
209 521 289 584 vinci
309 538 391 582 mare
414 519 591 600 dulcemque
613 520 744 600 intellegi
766 520 913 582 haustum.

114 632 176 712 (25)
211 631 251 694 ab
284 649 320 694 co
353 631 384 694 in
417 631 540 713 plenum
573 632 692 712 quidem
723 649 829 696 omnes
856 631 1031 714 Scytharum
1049 635 1082 688 8⁰

112 752 181 807 sunt
207 751 328 824 gentes,
361 743 457 806 uariae
491 751 590 806 tamen
623 742 703 806 litori
736 742 869 824 apposita
896 750 1030 819 tenuere,

111 856 179 918 alias
218 854 325 929 Getae,
360 854 431 918 Daci
464 853 606 916 Romanis
642 853 729 929 dicti,
765 853 836 916 alias
872 853 1030 932 Sarmatae,

111 967 233 1030 Graecis
255 966 462 1040 Sauromatae,
484 983 647 1044 eorumque
669 963 841 1026 Hamaxohii
862 972 913 1026 aut
935 965 1029 1042 Aorsi,

110 1078 180 1140 alias
202 1075 329 1158 Scythae
357 1077 520 1156 degeneres
548 1083 578 1138 et
606 1094 623 1138 a
651 1076 743 1140 servis
765 1074 822 1138 orti
843 1083 894 1138 aut
915 1077 1059 1158 Trogo-s

109 1189 210 1272 dptae,
245 1206 315 1250 mox
345 1186 432 1250 Alani
464 1197 494 1250 et
520 1186 695 1251 Rhoxolani.
744 1187 897 1268 superiora
930 1196 1028 1252 autem

109 1300 188 1364 inter
225 1299 391 1362 Danuvium
432 1306 461 1360 et
496 1295 679 1379 Hercynium
719 1297 827 1362 saltum
862 1316 957 1379 usque
992 1300 1029 1362 ad

109 1410 282 1474 Pannonica
311 1408 437 1472 hiberna
465 1416 494 1470 et
515 1408 659 1472 Carnunti
682 1409 958 1490 Germanorumque
986 1409 1028 1472 ihi

109 1522 274 1586 confinium
304 1539 424 1601 campos
446 1527 476 1582 et
496 1520 585 1600 plana
606 1519 725 1602 lazyges
746 1519 911 1596 Sarmatae,
940 1539 1027 1584 mon-

108 1641 151 1696 tes
178 1652 251 1696 vero
280 1639 311 1694 et
336 1631 427 1694 saltus
456 1629 534 1712 pulsi
561 1630 598 1693 ab
625 1631 672 1694 his
699 1631 770 1696 Daci
798 1631 835 1694 ad
860 1632 1026 1697 Pathissum

109 1763 235 1807 amnem.
279 1763 296 1806 a
318 1742 414 1819 hlaro,
443 1741 503 1806 sire
524 1741 615 1804 Duria
641 1750 687 1806 est
707 1760 723 1804 a
746 1742 851 1806 Suebis
872 1761 1026 1824 regnoque
1044 1753 1074 1805 81

108 1854 264 1918 vanniano
300 1853 441 1916 dirimens
481 1871 548 1930 cos,
590 1871 689 1916 avorsa
726 1853 886 1916 Basternae
922 1862 1027 1918 tenent

107 1965 215 2046 aliique
244 1965 314 2028 inde
336 1964 484 2028 Germani.
526 1965 657 2046 Agrippa
685 1971 782 2027 totum
808 1983 876 2026 eum
898 1972 1025 2028 tractum

108 2077 142 2140 ah
170 2075 273 2139 Histro
300 2076 335 2138 ad
367 2076 518 2140 Oceanum
545 2075 592 2139 bis
623 2075 660 2138 ad
692 2075 790 2138 decies
822 2083 943 2139 centurn
968 2077 1024 2140 mi·

105 2189 177 2252 lium
214 2205 353 2269 passuum
390 2187 421 2249 in
457 2187 690 2268 longitudinem,
731 2194 871 2268 quattuor
906 2187 1055 2252 milibusa

106 2298 333 2380 quadringentis
364 2298 395 2360 in
428 2295 613 2362 latitudinem
646 2298 683 2360 ad
711 2299 821 2362 flumen
850 2299 981 2363 Vistilam
1007 2321 1024 2363 a

104 2409 230 2474 desertis
259 2409 421 2472 Sarmatiae
448 2409 587 2491 prodidit.
631 2410 805 2492 Sapharum
835 2430 945 2474 nomen
974 2433 1023 2475 us-

103 2539 283 2603 quequaque
319 2520 425 2584 transit
467 2520 497 2582 in
535 2521 683 2584 Sarmatas
724 2530 812 2601 atque
849 2521 1023 2598 Germanos,

104 2652 161 2696 nec
190 2632 255 2694 aliis
281 2632 379 2712 prisca
400 2632 449 2694 illa
472 2632 587 2695 duravit
607 2632 765 2713 appellatio
788 2650 877 2711 quam
899 2633 950 2712 qui
972 2653 1022 2695 ex-

173 2855 214 2916 80,
233 2854 257 2908 2.
275 2850 344 2903 litori
361 2852 430 2925 Fd,
441 2851 541 2904 litoriae
553 2852 591 2917 D,
609 2851 710 2904 litoriac
726 2851 772 2917 E¹,
790 2850 858 2904 litori
877 2851 909 2905 ad
926 2853 972 2921 ΕΞ,
989 2853 1020 2906 li·

104 2941 175 2991 torae
191 2937 238 3003 ll¹,
261 2935 336 2989 litora
349 2935 392 2992 lt2.
504 2939 528 2992 6.
547 2940 572 2989 et
590 2935 736 2989 throxolaui
750 2937 826 3001 W,
850 2939 876 2990 et
893 2937 1021 2992 troxolani

103 3023 180 3086 ΕΨ,
204 3026 231 3076 et
253 3021 397 3076 throxalani
412 3022 443 3076 n.
545 3026 569 3075 ’1.
593 3019 737 3090 hyrcinium
753 3020 791 3086 D,
813 3022 947 3076 hircinium
962 3023 1021 3090 EF,

102 3107 258 3161 hirchinium
273 3107 304 3160 ll.
374 3110 415 3176 81,
433 3111 457 3161 2.
475 3123 566 3161 auersa
584 3107 715 3174 sedemus,
733 3106 822 3160 abersa
839 3107 909 3175 mr,
926 3109 1020 3162 auerha

103 3211 124 3245 a·
140 3193 269 3260 (reliqua).
303 3193 447 3246 hesternaei
464 3193 507 3246 lld
522 3197 550 3246 ct
565 3197 603 3245 a?
706 3195 730 3246 3.
748 3192 874 3260 Agrippa
892 3209 914 3246 a.
932 3194 956 3246 8.

104 3281 127 3331 4.
146 3277 188 3331 his
206 3277 291 3331 decies
310 3278 463 3332 Martianus
480 3281 505 3346 6,
523 3281 582 3345 663,
598 3277 723 3330 Diaue'lar
742 3281 764 3344 1,
783 3281 807 3343 Ἰ,
825 3281 840 3332 3
858 3279 893 3344 (1,
912 3282 963 3346 17).

104 3367 128 3418 6.
147 3368 269 3433 quattuor
286 3379 330 3416 om
346 3364 508 3417 Martianus.
543 3377 632 3417 rvcccc
649 3363 753 3418 milibus
769 3365 831 3416 Dte.
899 3366 923 3417 6.
941 3365 1018 3418 niatia

104 3450 188 3515 Dur,
206 3451 309 3518 uiatigia
327 3451 365 3516 n,
383 3449 476 3508 hinstia
494 3451 559 3512 Dte,
576 3449 679 3503 Vistula
694 3450 828 3517 Agrippa.
855 3449 926 3514 conf.
939 3454 981 3519 97,
995 3455 1017 3506 1.

106 3538 163 3602 166,
183 3538 204 3589 1.
274 3551 289 3588 a
307 3535 416 3590 desertis
434 3535 472 3588 1⁴³¹
482 3536 543 3599 Dia,
561 3533 669 3588 adsertis
686 3535 784 3604 num,
801 3534 914 3604 aduestis
931 3535 961 3593 li.
