2560 4186
178 154 198 215 2
511 171 645 215 connnnu
666 171 762 214 merri

179 355 235 399 nee
257 336 288 399 in
311 337 470 400 Ponticum
491 356 572 400 mare
594 358 645 401 sex
667 340 811 403 meatibus
833 348 982 421 erumpat:
1006 341 1096 422 septi-

179 467 261 510 mum
283 468 316 510 os
336 425 495 528 baludibus
516 449 659 512 hauritur.

145 573 164 630 a
245 560 325 640 ipsos
359 559 522 622 Germanos
557 559 711 640 indigenas
752 559 926 622 crediderim
959 561 1096 624 minime-

180 687 238 748 que
271 669 393 730 aliarum
427 669 561 750 gentium
593 670 768 733 adventibus
801 679 832 732 et
858 670 993 751 hospitiis
1021 671 1096 733 mix-

180 787 244 856 tos,
273 779 342 858 quia
372 798 428 841 nee
458 787 537 842 terra
560 779 630 842 olim
658 780 709 843 sed
740 779 882 842 classibus
910 781 1096 844 adveheban-

179 897 229 952 tur
251 889 303 970 qui
324 898 439 952 mutare
470 891 554 953 sedes
581 890 765 971 quaerebant
786 898 816 952 et
837 891 999 954 immensus
1020 890 1097 954 ultra

151 1008 273 1080 autque
301 1001 344 1063 sic
372 999 496 1061 dixerim
523 999 662 1063 adversus
693 1001 830 1064 Oceanus
858 1001 932 1064 raris
959 1002 995 1063 ab
1024 1001 1098 1064 orbe

180 1118 282 1174 nostro
312 1110 435 1173 naribus
463 1109 569 1174 aditur.
613 1111 680 1190 quis
702 1129 810 1192 porro,
838 1121 957 1193 praeter
979 1112 1098 1193 perieu-

179 1219 240 1282 lum
274 1220 386 1283 horridi
420 1229 449 1283 et
476 1220 570 1302 ignoti
601 1222 705 1299 maris,
739 1223 806 1286 Asia
836 1230 887 1284 aut
915 1222 1013 1284 Africa
1047 1230 1098 1284 aut

179 1329 262 1391 ltalia
295 1331 398 1393 relicta
426 1330 613 1394 Germaniam
645 1341 776 1414 peteret,
809 1333 966 1395 informem
999 1331 1097 1416 terris,

181 1458 314 1522 asperam
335 1440 432 1518 eaelo,
460 1442 575 1504 tristem
596 1443 678 1505 cultu
700 1451 897 1526 aspectuque,
919 1442 976 1505 nisi
998 1442 1023 1505 si
1045 1461 1098 1523 pa-

140 1572 163 1614 to
182 1551 236 1612 tria
258 1547 317 1614 sit?

172 1719 173 1724 ,
245 1661 396 1725 celebrant
424 1662 604 1726 carminibus
629 1663 773 1744 antiquis,
802 1663 882 1743 qnod
904 1681 998 1726 uuum
1020 1663 1098 1745 apud

181 1771 247 1835 illos
274 1773 436 1836 memoriae
462 1782 493 1836 et
520 1773 672 1837 annalium
700 1792 796 1854 genus
824 1782 883 1850 est,
914 1769 1096 1850 Tuistonem,

181 1882 270 1946 deum
304 1892 381 1946 terra
420 1885 546 1960 editum,
587 1892 617 1946 et
652 1884 744 1947 filium
777 1884 919 1960 Mannum
953 1885 1098 1965 originem

182 1993 279 2074 gentis
312 1993 548 2075 conditoresque.
599 1995 709 2058 Manno
741 1995 796 2058 tris
828 1993 904 2056 filios
937 1994 1097 2074 assignant,

140 2117 199 2166 tae
231 2121 359 2183 quorum
391 2104 563 2167 nominibus
593 2105 722 2186 proximi
756 2105 877 2167 Oceano
906 2104 1098 2184 lngaevones,

181 2214 268 2276 medii
291 2213 504 2292 Herminones,
532 2216 623 2278 ceteri
644 2216 813 2279 Istaevones
833 2222 987 2278 vocentur.
1031 2215 1099 2294 qui-

252 2488 291 2538 12.
309 2489 355 2551 bos
372 2483 398 2540 0.
434 2484 532 2537 auritur
546 2483 573 2551 0,
595 2485 699 2552 1¹saepae
717 2501 822 2538 versum
840 2484 867 2536 0²
883 2487 901 2539 i.
920 2501 943 2537 e.
961 2485 993 2535 ab
1013 2483 1099 2537 altera

182 2585 273 2623 manu.

251 2668 280 2741 2,
298 2673 322 2725 2.
341 2635 440 2740 gepidis
451 2671 475 2740 β,
517 2671 617 2739 ospitiis
632 2672 658 2726 0.
704 2672 796 2725 mistos
806 2673 829 2725 d.
894 2703 897 2711 ι
932 2674 955 2724 5.
974 2685 1019 2723 ore
1036 2669 1064 2724 0.

252 2758 276 2811 6.
294 2752 316 2821 ς’
335 2755 430 2809 horridi
445 2758 468 2810 d.
555 2760 579 2813 1.
597 2755 799 2826 affrica-ytalia
816 2756 842 2810 0.
926 2757 949 2809 8.
969 2754 1099 2822 germania

185 2843 211 2896 0.
245 2841 329 2911 peteit
344 2843 367 2894 b.
402 2841 475 2894 coelo
491 2843 514 2895 b.
609 2845 632 2897 9.
651 2842 700 2896 nisi
718 2840 798 2908 (11¹0)
816 2840 920 2906 siBOc,
938 2839 987 2892 nisi
1004 2843 1028 2908 b,
1047 2843 1101 2891 atr·

181 2924 282 2996 gulom‘
300 2943 382 2996 supra
401 2927 509 2980 addidit
524 2927 547 2997 β.
610 2929 648 2980 12.
667 2925 752 2980 anulii
770 2927 797 2980 0.
828 2927 861 2979 sit
876 2925 902 2979 0.
937 2921 1100 2989 Tuistonet',

184 3013 304 3068 Tristoue
322 3019 348 3066 at
364 3015 395 3065 in
411 3015 534 3080 margine
551 3009 673 3065 Tuismen
687 3012 717 3077 B,
742 3011 887 3076 tusconen,
912 3011 950 3064 tui
966 3026 1050 3078 supra
1069 3009 1100 3060 tri

185 3098 356 3169 bBistonem
371 3114 393 3152 o.
465 3100 504 3153 13.
518 3101 544 3152 et
554 3097 611 3162 ved,
626 3093 765 3163 toirguln'
778 3098 882 3149 notauit
891 3095 914 3165 β,
932 3095 956 3150 ei
965 3096 997 3148 B.
1029 3091 1101 3146 bian-

184 3199 237 3238 nun
253 3199 275 3237 e.
379 3185 418 3238 14.
437 3182 634 3251 conditoresque
647 3181 804 3247 Rhenanus,
820 3179 1023 3249 conditorisque
1038 3179 1101 3244 Bbo,

184 3267 323 3323 conditoris
339 3267 365 3322 0.
403 3273 454 3323 tres
471 3268 513 3322 Oc.
617 3269 658 3321 15.
676 3282 690 3320 e
710 3283 751 3320 om
762 3266 789 3320 0.
824 3264 1045 3334 iugeuonestO,
1063 3263 1101 3316 in·

185 3385 299 3440 gquones
313 3371 341 3441 β,
358 3371 515 3438 tngaeuonee
530 3387 552 3423 e.
663 3370 703 3422 to.
721 3367 870 3422 Hermiones
883 3368 959 3436 ato,
982 3341 1102 3433 herudfo-

185 3473 231 3511 nes
245 3457 269 3526 β,
286 3455 448 3511 herminones
463 3472 484 3510 c.
519 3455 650 3509 isteuones
667 3453 694 3508 0.
